4928 6382
670 512 757 603 l02
1255 504 1511 594 NOTlCES

668 704 743 760 tum
760 686 910 759 fueritin
933 680 1071 764 eodem,
1095 679 1799 777 meeiosufficiencieimputoetaaoedro,
1822 684 2092 779 atanpplexve.

669 814 761 881 niam
786 822 866 905 peto
885 821 918 877 et
940 805 1081 876 obscero
1104 805 1225 898 corrigi
1249 816 1284 873 et
1302 801 1463 897 suppleri.
1483 802 1552 873 Det
1574 802 1667 873 Deus
1688 806 1908 897 omnipotens
1930 804 2028 876 robis
2054 810 2091 877 in

669 933 797 1000 cunetis
813 928 902 999 bene
917 950 1015 1021 agere
1032 924 1239 1019 longamque
1257 948 1297 993 ac
1313 922 1447 994 felicem
1463 926 1568 994 vitam
1586 920 1631 993 ad
1645 926 1697 992 sni
1713 923 1858 1017 gloriam
1876 939 1910 995 et
1925 926 2092 998 minuo

669 1074 748 1120 nem
761 1048 841 1119 lidei
858 1072 897 1118 ac
911 1048 1186 1117 eliminacionem
1201 1042 1287 1113 labis
1302 1043 1449 1114 heretice
1465 1042 1656 1114 semndmn
1670 1057 1784 1114 uncta
1801 1043 1966 1116 desideria
1979 1047 2091 1119 cordis

668 1173 777 1239 vestri.
791 1168 919 1239 Datum
932 1168 1106 1247 Arinioni,
1118 1164 1193 1237 Vll⁰
1205 1163 1290 1262 ydus
1301 1165 1457 1259 Augusti,
1471 1164 1649 1260 eompletis
1658 1168 1756 1235 annis
1766 1163 1876 1236 tribua
1884 1192 1904 1236 a
1913 1171 2091 1240 oudone

667 1304 789 1370 vestra,
809 1313 873 1359 nec
887 1292 1000 1359 minus
1017 1284 1240 1380 necamplius
1256 1310 1325 1354 una
1339 1282 1410 1365 dic,
1425 1310 1516 1355 anno
1534 1286 1675 1356 Domini
1690 1289 1916 1358 ra'ooc’m·¹.

1326 1533 1434 1606 XVII

875 1720 1043 1770 boudin!
1065 1719 1103 1764 ΕΤ
1123 1714 1225 1765 TABLE
1248 1717 1290 1764 D!
1313 1717 1352 1763 bd
1376 1716 1535 1772 PRA'HQUB
1559 1718 1601 1764 D!
1623 1696 1882 1774 t·trQutstnos².

720 1892 868 1963 Praetiea
886 1888 1007 1960 tradita
1032 1915 1092 1983 per
1109 1886 1247 1958 fratrem
1265 1885 1476 1959 bernardum
1493 1885 1676 1970 Guidonis,
1696 1884 1741 1958 de
1762 1886 1883 1959 ordine
1898 1887 2090 1964 Prodicum

668 2038 763 2095 rum,
782 2026 901 2083 contra
918 2010 1060 2081 inlectos
1077 2008 1154 2081 labe
1172 2009 1319 2080 hercuoe
1336 2012 1518 2105 pravitatis.

719 2133 893 2204 Tractatns
923 2156 1060 2227 presens
1092 2130 1135 2201 de
1167 2134 1313 2226 practica
1344 2129 1447 2201 officii
1481 2132 1708 2226 inquisitionis
1733 2128 1879 2200 heretice
1899 2136 2087 2227 pravitatis,

667 2256 812 2324 maxime
826 2256 860 2322 in
874 2250 1026 2347 partibus
1040 2250 1257 2332 Tholosanis‚
1269 2248 1607 2331 careassonensibus,
1622 2247 1838 2321 Albisnsibus
1852 2264 1887 2321 et
1902 2255 1939 2322 in
1952 2256 2088 2347 provin·

667 2380 718 2445 cia
733 2373 944 2447 Narbonensi
961 2387 996 2443 et
1008 2376 1138 2443 circum
1155 2375 1272 2443 vicinis
1288 2370 1504 2468 dyocesibus,
1523 2375 1559 2440 in
1578 2396 1614 2441 se
1631 2375 1785 2442 continet
1798 2375 1952 2470 qrrinque
1965 2389 2085 2469 partes

718 2495 757 2566 ln
776 2498 885 2590 prima
903 2508 996 2588 parte
1012 2492 1164 2564 ordinate
1181 2489 1443 2563 conscribuntur
1463 2490 1574 2565 forme
1591 2492 1780 2562 litteramm
1800 2498 1893 2564 varie
1911 2508 1945 2564 et
1961 2494 2088 2565 diverse

666 2616 709 2688 ad
724 2616 900 2687 citandum
913 2628 971 2685 aut
985 2614 1029 2685 ad
1046 2613 1251 2710 capiendum
1267 2637 1426 2709 personas
1438 2611 1624 2709 culpabiles
1635 2628 1695 2684 aut
1705 2628 1875 2709 suspectas
1886 2629 1946 2686 aut
1958 2630 2090 2687 notatas

577 2714 584 2729 ’
667 2750 727 2806 aut
744 2734 931 2807 diffamatas
952 2734 995 2806 dc
1020 2736 1161 2804 crimine
1186 2733 1328 2814 heresis,
1352 2748 1455 2828 prout
1479 2737 1576 2830 exigit
1596 2738 1738 2806 variam
1759 2760 1819 2806 seu
1839 2734 2011 2806 diversitos
2030 2750 2089 2805 sut

666 2856 807 2953 qualitas
821 2871 893 2927 tam
909 2880 1131 2951 personarum
1146 2853 1343 2950 hujusmodi
1360 2880 1466 2950 quam
1481 2856 1670 2951 cadparum.
1686 2857 1774 2927 Item
1788 2855 1897 2926 littere
1910 2853 1954 2927 ad
1967 2881 2087 2927 vocan-

667 2977 750 3047 dum
766 2991 801 3047 et
813 2976 1070 3047 convocandum
1081 3000 1242 3071 personas
1256 2980 1476 3046 neccessarias
1491 2975 1534 3046 nd
1548 2976 1819 3071 comparendum
1833 2990 1867 3046 et
1882 2975 2088 3071 responden·

665 3097 750 3168 dum
768 3111 800 3168 et
818 3096 988 3193 agendum
1007 3100 1042 3167 in
1057 3096 1190 3192 judicio
1207 3097 1258 3167 vel
1278 3095 1321 3168 ad
1341 3096 1551 3167 audiendum
1574 3095 1789 3168 diffinitivam
1812 3101 2012 3168 sententiam
2028 3112 2089 3168 aut

666 3218 708 3289 ad
723 3214 939 3291 tractandum
955 3233 988 3290 et
1005 3216 1261 3290 deliberandum
1280 3223 1315 3288 in
1334 3219 1476 3290 consilio
1494 3233 1528 3289 et
1545 3216 1775 3289 ordinandum
1793 3245 1832 3289 ea
1849 3218 1891 3290 de
1908 3218 2034 3316 quibus
2052 3223 2087 3289 in

664 3341 810 3437 genemli
825 3364 981 3412 sermone
999 3343 1238 3436 inquisitorum
1254 3338 1422 3436 agendum
1435 3339 1556 3423 luerit,
1572 3355 1611 3411 ut
1624 3355 1677 3411 est
1686 3344 1802 3411 moris.

718 3463 755 3532 ln
772 3461 920 3532 secunda
934 3485 1016 3533 vero
1036 3475 1131 3556 parte
1147 3460 1385 3532 describuntur
1401 3460 1510 3532 forme
1533 3474 1567 3532 et
1588 3460 1683 3532 modi
1705 3461 1895 3532 litterarum
1911 3460 1955 3532 de
1970 3463 2090 3557 graciis

665 3608 733 3679 que
748 3596 996 3653 consueverunt
1011 3579 1082 3651 fieri
1099 3583 1133 3650 in
1150 3585 1318 3676 principio
1336 3584 1502 3653 sermonis
1517 3584 1775 3678 inquisitorum,
1792 3584 1879 3652 sicut
1890 3596 1969 3653 sunt
1983 3581 2089 3676 dspo-

665 3707 801 3774 sitiones
819 3728 961 3775 crucum
977 3716 1009 3772 ct
1025 3704 1110 3772 sicut
1130 3715 1179 3772 est
1196 3702 1331 3774 eductio
1345 3703 1388 3774 de
1404 3728 1505 3773 muro
1523 3728 1603 3773 cum
1621 3701 1779 3773 crucibus
1797 3716 1830 3772 st
1847 3704 2087 3798 peregrinatio-

665 3822 764 3894 nibus
790 3838 822 3893 et
850 3824 952 3918 hujus
978 3822 1084 3894 modi.
1111 3823 1198 3894 ltem
1225 3823 1267 3895 de
1294 3827 1485 3919 penitentiis
1512 3823 1692 3894 arbitrariis
1716 3826 2024 3920 peregrinationum
2054 3837 2087 3892 et

665 3970 807 4015 crucum
820 3959 853 4014 ct
869 3944 971 4039 hujus
988 3943 1083 4016 modi
1100 3944 1263 4016 similium
1285 3970 1352 4040 que
1370 3947 1406 4014 in
1421 3934 1577 4015 sermone
1592 3944 1727 4040 publice
1747 3947 1980 4040 injungrmtur.
1999 3942 2086 4013 ltam

664 4064 707 4135 dc
722 4066 793 4135 aliis
807 4068 999 4160 penitentiis
1016 4064 1197 4136 arbitrariis
1214 4090 1350 4136 necnon
1369 4081 1402 4136 et
1420 4066 1462 4137 de
1479 4048 1591 4160 gratiis
1609 4091 1675 4161 que
1691 4091 1753 4161 per
1768 4067 1983 4162 inquisitores
1997 4078 2086 4135 extra

702 4262 708 4291 ¹
729 4257 801 4313 Tella
815 4268 853 4312 est
866 4257 890 4311 la
904 4257 962 4312 dats
972 4257 1004 4311 de
1021 4258 1046 4311 la
1061 4257 1134 4312 lettre
1147 4258 1211 4313 dans
1227 4257 1262 4312 lea
1275 4276 1336 4312 msa.

665 4353 752 4425 qud.
766 4356 852 4424 ⁶977·
875 4354 961 4422 49⁸²·
979 4362 1005 4404 ct
1026 4350 1106 4411 bold.
1122 4351 1214 4406 c'tuis
1229 4352 1298 4404 aussi
1313 4351 1338 4405 la

664 4445 737 4513 lcqon
749 4445 876 4520 primitive
891 4443 926 4499 du
940 4464 988 4499 ms.
1002 4445 1089 4517 4987.
1103 4444 1181 4507 mais,
1197 4463 1230 4498 aa
1246 4464 1337 4518 moyen

663 4538 695 4591 dc
710 4548 835 4610 grattagcs
851 4538 921 4592 etde
937 4538 1100 4610 surcbarges.
1115 4536 1164 4592 elle
1181 4556 1219 4610 μ
1233 4539 1273 4592 dte'
1284 4557 1337 4592 mo·

664 4628 739 4683 dilala
757 4648 859 4684 comma
882 4630 899 4683 il
920 4631 988 4684 suit:
1010 4631 1121 4685 «Datum
1141 4630 1272 4696 Aviuioni,
1290 4632 1336 4686 Vll

664 4721 728 4796 ydus
741 4724 847 4795 Augusti
858 4764 864 4784 .
875 4723 1009 4796 completis
1019 4724 1094 4779 anuis
1105 4725 1170 4777 llll”
1180 4744 1194 4778 a
1204 4726 1337 4779 creaciona

663 4814 827 4887 pontificatus
837 4817 925 4882 vestri,
938 4834 985 4871 nac
998 4817 1085 4872 minus
1096 4834 1145 4872 nae
1158 4818 1271 4891 amplius
1286 4836 1336 4872 una

1413 4258 1454 4312 dia
1463 4277 1533 4311 anno
1544 4258 1648 4314 Domini
1656 4260 1823 4313 u⁹cm⁸aa⁰.s
1838 4256 2022 4312 bataxtasinai
2031 4274 2088 4311 mo·

1412 4349 1473 4406 dilic'
1491 4370 1519 4406 sc
1537 4362 1626 4405 trouve
1642 4350 1706 4405 dana
1725 4350 1763 4406 las
1784 4368 1847 4405 mas.
1862 4353 1951 4423 ⁴97⁵·
1967 4352 2039 4423 ΑΜΕ
2052 4351 2086 4407 Α.

1414 4447 1500 4519 4978.
1526 4447 1613 4519 698ι.
1637 4446 1723 4515 6986,
1747 4445 1834 4505 5031.
1860 4442 1948 4506 5033,
1972 4442 2045 4502 sust
2062 4452 2088 4495 et

1417 4540 1514 4595 rabor.
1530 4539 1602 4593 Tclle
1617 4548 1656 4593 est
1673 4539 1742 4593 aussi
1761 4536 1787 4592 la
1799 4537 1874 4606 boon
1890 4536 1992 4591 donaba
2006 4553 2052 4611 par
2063 4534 2088 4588 la

1412 4632 1526 4686 cardinal
1540 4634 1601 4686 Mai.

1449 4728 1459 4759 ¹
1478 4723 2016 4799 Ma98del'oulouas.lol.1atr';ms.
2035 4722 2085 4793 sqli

1412 4817 1597 4879 de'l'oulousc.
1612 4818 1656 4872 lol.
1677 4840 1699 4873 ι.
