4916 6380
431 800 476 837 111⁵

375 894 530 931 utuscttttt

436 987 471 1023 DE

357 1081 476 1119 urrunnun
491 1082 544 1119 ool.

604 498 692 585 302
1184 495 1441 582 NOTICES

603 677 821 756 dest-adire
840 706 914 756 une
938 677 1097 756 ecriture
1119 676 1211 753 dans
1230 674 1390 781 laquelle
1407 674 1443 751 la
1464 672 1723 781 diphthongue
1744 704 1776 751 ar
1796 677 1885 752 erait
1903 679 2034 783 repre'·

602 812 730 889 sentio
746 840 814 918 par
836 839 893 898 oe,
924 827 962 886 et
982 837 1056 885 non
1072 807 1180 914 point
1195 836 1263 913 par
1277 835 1331 884 nn
1347 805 1478 913 simple
1496 836 1529 894 e,
1553 834 1700 884 comme
1720 807 1842 884 c’etait
1858 806 2031 916 l'usageh

602 943 718 1049 partir
732 943 779 1019 de
793 941 829 1018 la
845 941 896 1018 fin
913 941 965 1018 du
979 954 1042 1018 ιιι*
1058 939 1168 1017 siecle
1181 972 1191 1018 ε
1205 977 1218 1008 ι
1233 938 1345 1019 Gesta
1363 966 1451 1017 vero
1468 939 1574 1019 istius
1589 938 1720 1046 synodi
1738 936 1958 1047 [Ephesihe]
1972 940 2030 1017 in-

601 1075 683 1152 veni
700 1091 737 1151 et
753 1074 825 1181 legi
844 1074 882 1150 in
899 1074 1042 1151 civitate
1060 1074 1220 1162 Verona,
1234 1071 1275 1147 in
1291 1069 1444 1148 ecclesia
1458 1068 1676 1160 cathedrali,
1691 1069 1738 1147 de
1757 1071 1906 1178 antiqua
1922 1071 2029 1149 valde

600 1203 722 1281 littera
739 1205 961 1312 dyptongata
973 1210 997 1281 ¹.
1016 1203 1202 1284 -Gesta
1220 1230 1308 1280 vero
1326 1202 1431 1280 istius
1453 1201 1740 1282 Calcedonensis
1759 1202 1891 1308 synodi
1910 1204 2029 1281 conti-

601 1353 690 1414 nent
708 1338 874 1414 acciones
895 1363 972 1425 xvr,
995 1353 1033 1412 et
1051 1335 1236 1412 hahentur
1255 1334 1398 1440 integre
1417 1333 1456 1409 in
1475 1334 1623 1411 Verona
1640 1333 1799 1423 civitate,
1819 1334 1857 1410 in
1875 1334 2030 1413 ecclesia

601 1467 818 1559 cathedrali,
839 1469 906 1546 uhi
925 1496 994 1576 ego
1011 1467 1083 1574 legi
1106 1467 1145 1542 in
1165 1465 1288 1543 littera
1307 1467 1456 1572 antiqua
1471 1464 1711 1571 diftongatal.
1725 1507 1777 1523 -—
1793 1462 1907 1544 Gesta
1923 1466 2030 1545 istius

600 1616 699 1677 sexte
716 1599 849 1708 synodi
863 1599 1003 1678 hahent
1016 1598 1183 1677 acciones
1197 1622 1298 1686 tvm,
1315 1626 1387 1704 que
1398 1597 1520 1675 inveni
1532 1594 1651 1702 etlegi
1669 1596 1708 1672 in
1725 1597 1867 1674 civitate
1883 1598 2029 1678 Verona

601 1731 638 1807 in
655 1730 808 1809 ecclesia
825 1730 1025 1809 cathedrali
1033 1738 1058 1806 ³.
1078 1731 1190 1810 Gesta
1206 1729 1311 1806 istius
1328 1728 1485 1835 septime
1503 1727 1635 1835 synodi
1650 1724 1876 1817 Anastasius,
1895 1727 2030 1807 biblio-

600 1862 759 1939 tecarius
773 1862 949 1940 lobannis
965 1890 1060 1970 pape
1074 1863 1155 1951 Vll,
1170 1862 1216 1938 de
1229 1888 1340 1969 greco
1357 1859 1542 1943 transtulit
1561 1859 1600 1935 in
1611 1859 1784 1948 latinum,
1805 1860 1853 1937 ad
1867 1860 2028 1937 eundem

599 1990 806 2071 iohannem
820 2022 970 2101 papam,
991 1994 1087 2072 sicut
1103 1994 1142 2069 in
1158 1993 1362 2100 prelatione
1376 2019 1443 2069 seu
1454 1990 1610 2098 prologo
1624 1991 1725 2068 idem
1740 1990 1948 2068 Anastasius
1958 1989 2029 2068 hec

599 2124 792 2229 premittit.
813 2125 891 2202 Hec
909 2142 1034 2202 autem
1053 2153 1184 2231 magna
1206 2142 1307 2214 sunt,
1335 2153 1409 2231 que
1432 2121 1554 2203 iuveni
1578 2139 1616 2199 et
1641 2121 1714 2230 legi
1742 2123 1880 2205 Verone
1903 2123 1942 2199 in
1967 2152 2030 2213 ec·

601 2253 711 2331 clesia
731 2253 932 2332 cathedrali
942 2263 967 2331 ⁴.
984 2292 998 2324 ι
1579 2242 1583 2246 ⁸

661 2517 739 2595 1511
762 2517 823 2594 tis.
851 2518 951 2596 Dans
970 2547 1022 2595 un
1042 2547 1110 2596 ms.
1135 2518 1188 2595 du
1209 2534 1281 2596 ιινθ
1300 2517 1428 2606 siecle,
1448 2518 1512 2624 qui
1531 2517 1738 2624 appartient
1760 2525 1781 2594 a
1802 2516 1973 2595 Madame
1993 2516 2028 2594 la

600 2665 780 2726 comtesse
806 2649 858 2726 Le
877 2646 1061 2738 Gonidec,
1079 2647 1142 2755 j'ai
1159 2651 1371 2756 remarqud,
1389 2655 1410 2726 a
1429 2647 1464 2726 la
1481 2649 1576 2727 suite
1597 2648 1706 2726 d'une
1721 2649 1826 2755 copie
1848 2647 1896 2724 de
1917 2647 1951 2725 la
1971 2678 2030 2726 se·

600 2778 719 2856 conde
738 2779 879 2858 edition
894 2780 947 2857 du
961 2780 1086 2858 Traitt
1104 2810 1168 2859 sur
1186 2781 1240 2859 les
1260 2780 1435 2871 conciles,
1448 2810 1523 2858 une
1538 2796 1626 2860 note
1643 2809 1707 2858 sur
1725 2779 1791 2856 des
1810 2781 2027 2858 manuscrits

599 2910 664 3017 qui
685 2911 919 2988 contenaient
932 2910 987 2989 les
1001 2941 1137 2990 canons
1155 2912 1221 2991 des
1241 2912 1399 2992 conciles
1419 2911 1499 3017 (fot.
1521 2914 1573 3001 tt
1588 2913 1657 3018 νο),
1679 2928 1716 2988 et
1732 2940 1784 2988 un
1797 2911 1945 2989 resume
1960 2911 2028 2989 des

597 3038 792 3146 privileges
809 3041 874 3150 qui
891 3042 1016 3120 iurent
1037 3044 1211 3122 accordes
1231 3073 1301 3121 aux
1317 3044 1392 3122 rois
1412 3043 1460 3121 de
1479 3045 1617 3121 France
1632 3071 1700 3151 par
1713 3041 1768 3121 les
1788 3071 1903 3149 papes
1919 3043 2027 3120 Boni·

494 3230 499 3239 .
599 3169 677 3249 lace
697 3173 776 3251 Vlll
796 3192 835 3251 et
850 3173 1021 3254 Clement
1037 3178 1093 3257 V⁵
1112 3175 1190 3281 (tol.
1214 3179 1297 3283 65).
1319 3177 1372 3253 La
1389 3193 1477 3253 note
1496 3204 1560 3253 sur
1575 3173 1639 3253 les.
1648 3174 1866 3254 manuscrits
1884 3174 1949 3252 des
1967 3202 2027 3253 ca-

598 3331 691 3381 nons
706 3321 762 3381 est
776 3334 827 3382 un
845 3305 1047 3386 document
1060 3307 1385 3415 bibliographique
1400 3307 1475 3385 lort
1489 3307 1655 3396 eurieux,
1674 3306 1767 3384 dont
1780 3305 1816 3385 le
1833 3323 1930 3385 texte
1946 3305 2028 3384 doit

599 3451 748 3513 trouver
765 3433 869 3543 place
887 3437 934 3514 ici
958 3469 967 3514 :

646 3622 792 3702 Quatuor
815 3623 929 3712 synodi
950 3625 1144 3692 universales
1167 3649 1244 3693 cum
1267 3628 1360 3714 gestis
1381 3628 1448 3693 suis
1461 3625 1572 3692 haberi
1587 3626 1740 3693 dicuntur
1761 3627 1795 3691 in
1813 3625 1955 3715 quadam
1975 3624 2027 3689 ab

598 3734 683 3799 batia
699 3735 806 3802 Sancti
823 3735 906 3802 Galli
921 3738 955 3803 io
972 3736 1164 3806 Tbeutonia.
1177 3776 1226 3791 —-
1238 3742 1318 3807 Item
1333 3741 1441 3806 inveni
1458 3741 1614 3830 scriptum
1629 3761 1684 3805 seu
1703 3749 1848 3804 notatum
1865 3737 1954 3827 quod
1970 3737 2028 3803 do·

599 3846 681 3913 dum
689 3847 890 3916 habebantur
900 3852 934 3916 in
944 3851 1041 3919 domo
1053 3852 1338 3941 Hospitalariorum
1350 3856 1385 3919 in
1398 3852 1527 3932 Achon,
1542 3864 1714 3942 antequam
1728 3852 1838 3919 civitas
1847 3860 2026 3941 caperetur,

599 3982 663 4049 que
683 3972 774 4050 capta
793 3962 856 4028 fuit
872 3987 956 4031 anno
974 3966 1105 4032 Domini
1125 3989 1149 4032 u
1166 3989 1204 4033 cc
1224 3989 1285 4033 xci.
1296 4003 1343 4018 —
1356 3969 1439 4035 ltem
1452 3967 1580 4035 dudum
1589 3966 1790 4034 habebantur
1803 3963 1890 4055 apud
1898 3964 2027 4029 Fratres

598 4073 813 4141 Predicatores
829 4078 863 4142 in
881 4078 965 4144 Urbe
979 4080 1100 4157 Veteri;
1120 4080 1270 4168 magister
1281 4101 1354 4148 vero
1369 4080 1492 4147 ordinis
1508 4079 1608 4147 frater
1621 4078 1803 4169 Stephanus
1822 4077 1863 4144 de
1875 4076 2027 4144 Bisuncio

642 4289 649 4320 ¹
673 4292 727 4353 Ma.
743 4290 815 4353 latin
828 4292 921 4378 4987,
934 4291 984 4354 rot.
999 4296 1050 4378 96.
1349 4294 1405 4364 88,
1425 4315 1493 4355 avec
1512 4314 1545 4356 ce
1563 4295 1629 4356 titre
1651 4320 1658 4355 :
1684 4293 1767 4354 allec
1786 4304 1855 4354 sunt
1876 4290 2027 4378 privilegia

641 4393 650 4425 ²
672 4393 761 4467 ibid,
774 4394 823 4458 lol.
839 4401 879 4481 94
894 4403 932 4456 ν’.
1349 4418 1484 4460 concessa
1500 4397 1618 4481 regibus
1635 4397 1814 4458 Francorum
1830 4395 2043 4480 perditorem·

641 4497 651 4527 ³
673 4497 824 4569 ltid.,r01.
840 4499 890 4584 96.
1140 4544 1145 4553 ·
1350 4501 1497 4563 Romanos
1514 4500 1666 4587 pontifices
1687 4499 1868 4585 temporibus
1890 4497 2026 4559 successi·

641 4598 815 4672 *nuru
840 4623 890 4686 97.
1349 4582 2027 4690 vs;.angnaaaprivregm000raapo

640 4702 650 4734 ⁸
673 4703 714 4765 Ca
728 4708 857 4775 resume
867 4706 918 4789 qui
930 4705 1121 4791 remplittrois
1134 4705 1273 4770 colonnes
1349 4706 1490 4790 Gregoire
1504 4708 1559 4777 lx,
1574 4707 1716 4768 lnnocent
1733 4707 1780 4776 Ν,
1800 4702 1963 4766 Alexandra
1976 4703 2025 4771 Ν,

598 4805 638 4867 du
658 4805 708 4867 iol.
728 4805 783 4876 65.
806 4807 900 4870 forme
917 4807 946 4869 la
966 4808 1101 4873 derniire
1121 4811 1214 4898 partie
1231 4810 1273 4873 du
1349 4809 1459 4873 Urbain
1473 4810 1520 4880 Ν,
1533 4809 1666 4873 clement
1677 4810 1724 4880 Ν,
1736 4808 1878 4892 Gregoire
1891 4808 1931 4877 X,
1945 4808 2028 4869 Nico

598 4930 733 4972 morceau
757 4911 809 4994 qui
830 4921 874 4972 est
894 4913 977 4996 copie
996 4911 1106 4975 surlet
1126 4913 1175 4975 sol.
1190 4914 1230 4995 87
1246 4925 1276 4975 et
1348 4912 1392 4975 las
1402 4914 1456 4984 lll,
1467 4913 1573 4975 Martio
1585 4915 1633 4982 Ν,
1645 4910 1761 4975 Nicolas
1773 4910 1983 4977 lvetcetonn
1990 4909 2025 4972 V.
