4916 6380
831 470 1373 619 nusuuuuscnrrs.
1456 496 1459 501 ⁴
1726 535 1814 618 325
1879 607 1888 623 .

393 744 443 793 un
463 714 693 821 temoignage
715 713 779 818 qui
807 712 901 787 u'est
920 739 985 816 pas
1009 739 1092 787 sans
1112 710 1238 787 valeur
1255 739 1352 815 pour
1371 708 1547 786 l'histoire
1569 712 1745 789 ancienne
1766 714 1817 789 du

392 844 569 951 Pdrigord
584 875 593 919 ε

439 1032 561 1097 Prelata
591 1054 663 1098 vero
688 1030 818 1096 ecclesia
840 1029 946 1096 Sancti
967 1030 1109 1102 Martini,
1132 1051 1230 1115 quam
1254 1029 1377 1094 Fratres
1400 1030 1627 1108 predicatores,
1648 1033 1729 1098 sicut
1747 1056 1815 1119 pre·

394 1144 527 1210 missum
545 1155 604 1219 est,
625 1143 733 1208 divino
749 1164 883 1208 munere
899 1153 1104 1229 acceperunt,
1119 1142 1178 1204 tria
1195 1143 1228 1204 iu
1245 1164 1277 1205 se
1292 1142 1404 1206 altaria
1420 1143 1617 1218 continebat,
1634 1166 1737 1208 unum
1761 1147 1817 1209 sci·

392 1257 466 1321 licet
484 1257 517 1320 in
539 1257 660 1321 honore
685 1256 785 1320 sancti
806 1254 950 1331 Martini,
966 1253 1103 1318 alterum
1120 1275 1193 1318 vero
1211 1255 1310 1318 sancti
1328 1254 1495 1339 Augustini
1512 1267 1543 1319 et
1558 1257 1693 1321 tercium
1710 1268 1818 1322 sancte

1943 847 1988 885 LBS

1891 942 2045 979 unnusctttrs

1952 1037 1986 1073 DE

1874 1130 1992 1167 nanneno
2007 1130 2061 1168 cot.

393 1370 551 1434 Katerine.
577 1366 682 1456 Caput
704 1379 810 1431 autem
838 1368 937 1453 ipsius
964 1366 1093 1430 ecclesie
1117 1360 1294 1430 rotundum
1311 1379 1388 1430 erat.
1411 1368 1618 1433 Postmodum
1635 1390 1723 1445 vero,
1741 1381 1818 1434 tem·
1872 1399 1879 1403 ·

392 1504 469 1569 pore
493 1480 650 1568 prioratus
673 1479 773 1567 felicis
794 1488 824 1543 et
844 1481 911 1543 Deo
933 1477 1027 1563 digne
1053 1479 1206 1543 memorie
1232 1477 1337 1542 fr'atris
1359 1478 1529 1544 Guillermi
1548 1479 1682 1554 Coralli.
1709 1482 1819 1546 Lemo·

386 1594 526 1659 nicensis
541 1591 691 1678 dyocesis,
709 1592 848 1665 Fratres,
861 1590 921 1654 sibi
934 1590 1052 1654 dictam
1069 1590 1235 1671 ecclesiam
1250 1591 1342 1654 aliter
1358 1591 1555 1667 coabtantes,
1575 1592 1639 1656 duo
1652 1592 1762 1657 altaria
1778 1592 1818 1658 de

392 1704 557 1793 predictis,
580 1703 698 1767 scilicet
717 1702 817 1766 sancti
836 1700 1003 1787 Augustini
1021 1712 1051 1765 et
1071 1713 1177 1766 sancte
1197 1703 1358 1777 Kateriue,
1382 1703 1456 1767 inde
1479 1715 1696 1776 removerunt,
1720 1707 1815 1769 tercio

392 1826 590 1888 remanente,
616 1826 776 1901 caputque
798 1814 974 1879 rotundum
989 1813 1119 1879 ecclesie
1138 1815 1320 1888 diruerunt,
1344 1827 1374 1877 et
1395 1814 1560 1879 residuum
1582 1815 1712 1881 ecclesie
1730 1817 1815 1902 quod

393 1928 545 1993 remansit
566 1938 613 1992 est
629 1927 749 2014 capella
767 1926 963 1991 infirmitorii
988 1949 1091 2014 usque
1115 1926 1210 1991 hodie
1232 1949 1297 2013 quo
1321 1927 1383 1991 hoc
1408 1914 1544 2013 scripsit
1562 1949 1701 2014 cumque
1723 1940 1819 2013 caput

392 2039 521 2105 ecclesie
545 2040 726 2104 dirueretur
749 2040 782 2102 in
804 2037 905 2105 lundo
923 2040 1068 2126 parietis,
1090 2040 1123 2103 in
1141 2040 1247 2104 medio
1262 2040 1345 2124 ejus,
1369 2040 1497 2104 inventa
1518 2051 1564 2104 est
1580 2039 1642 2105 olla
1661 2038 1816 2125 quedam.

393 2152 476 2217 inira
494 2173 592 2239 quam
615 2163 681 2216 erat
701 2151 838 2237 quedam
855 2151 982 2238 capsula
1003 2151 1104 2236 lignea
1124 2152 1223 2237 picta,
1241 2152 1272 2214 iu
1292 2150 1385 2236 cujus
1403 2150 1507 2215 sronte
1522 2163 1611 2216 erant
1627 2150 1690 2215 due
1704 2174 1815 2238 parve,

393 2277 548 2351 erantque
569 2264 656 2327 intus
676 2262 776 2327 multe
799 2263 949 2350 reliquie,
979 2263 1062 2328 inter
1088 2286 1168 2349 quas
1190 2275 1257 2327 erat
1278 2264 1446 2335 summitas
1468 2264 1573 2328 cranei
1596 2264 1707 2350 capitis
1736 2266 1818 2329 beati

392 2377 540 2463 Dyonisii
563 2376 704 2440 martiris
728 2375 913 2462 ariopagite,
944 2387 975 2440 et
999 2376 1139 2460 quedam
1167 2375 1273 2439 tabula
1297 2397 1428 2461 cuprea,
1456 2376 1489 2439 in
1518 2386 1693 2461 quaerant
1717 2375 1820 2440 littere

394 2488 550 2574 insculpte
570 2509 629 2574 per
643 2488 778 2552 modum
799 2486 908 2583 sigilli,
926 2498 1081 2575 erantque
1103 2488 1204 2552 littere
1228 2488 1451 2575 perordinem
1472 2488 1517 2552 sic
1537 2510 1714 2576 compresse
1732 2489 1819 2574 quod

396 2623 457 2665 una
474 2601 578 2666 littera
592 2600 671 2665 duas
688 2599 737 2664 vel
752 2611 814 2664 tres
830 2599 913 2664 iolra
929 2623 960 2664 se
973 2584 1169 2675 continebat,
1191 2623 1332 2688 quarum
1354 2599 1531 2665 litterarum
1551 2612 1644 2665 tenor
1663 2601 1733 2665 talis
1750 2614 1818 2665 est:

440 2711 558 2777 «Auno
575 2712 736 2776 dominice
753 2712 984 2777 incarnacionis
999 2735 1115 2787 ncccc,
1133 2712 1267 2777 Karolus
1284 2711 1400 2779 Calvus
1416 2735 1469 2777 rex
1486 2711 1675 2799 Vulginum,
1691 2713 1820 2798 propin-

394 2847 474 2912 qum
492 2845 603 2900 suum,
627 2823 759 2889 fratrem
781 2821 929 2912 Audoyni
952 2826 1075 2890 abbatis
1097 2825 1206 2890 Sancti
1229 2823 1388 2911 Dyonisii,
1408 2835 1516 2889 contra
1534 2826 1748 2900 Normannos‚
1766 2847 1818 2911 pa·

393 2938 482 3024 ganis
509 2936 671 3001 erroribus
700 2937 897 3011 oberrantes,
924 2936 1047 3002 dilusos
1073 2960 1130 3024 per
1149 2933 1368 3023 Aquitaniam,
1394 2937 1498 3012 misit,
1527 2949 1557 3001 et
1585 2936 1717 3023 prefecit
1740 2958 1816 3001 eum

393 3047 573 3133 Engolisme
600 3059 632 3112 et
658 3049 834 3132 Petregore.
863 3048 936 3112 Post
962 3046 1138 3132 Vulginum
1168 3048 1201 3110 in
1231 3048 1419 3112 comitatum
1447 3048 1595 3112 successit
1625 3047 1814 3134 Audoynus,

394 3159 605 3235 Guillermus,
633 3157 691 3223 lilii
714 3161 779 3233 sui,
804 3170 834 3223 ct
859 3160 992 3245 quidam
1015 3159 1095 3223 alius
1120 3160 1176 3246 qui
1201 3158 1262 3223 luit
1280 3158 1457 3224 monachus
1477 3160 1585 3224 Sancti
1602 3161 1762 3244 Dyonisii,
1779 3162 1818 3224 de

394 3295 458 3358 quo
482 3273 604 3348 dictum
629 3284 675 3336 est
697 3273 737 3336 ab
760 3273 901 3359 antiquis
922 3272 1025 3358 qnod,
1048 3283 1219 3360 postquam
1241 3272 1349 3337 civitas
1370 3272 1508 3336 Parisius
1530 3272 1699 3358 depredata
1722 3272 1818 3335 suita

394 3385 598 3459 Normannis,
618 3384 689 3448 tulit
706 3397 801 3471 caput
818 3385 916 3448 sancti
932 3383 1077 3470 Dionysii
1100 3406 1193 3448 causa
1211 3384 1389 3458 tutaminis,
1406 3406 1513 3448 secum
1537 3383 1650 3449 detulit
1668 3384 1708 3448 ed
1725 3386 1820 3448 eccle·

394 3498 472 3559 siam
497 3497 602 3561 Sancti
625 3497 753 3562 Martini
774 3518 837 3582 que
862 3508 909 3561 est
929 3516 1029 3597 prope
1055 3495 1214 3561 civitatem
1236 3497 1437 3581 Petregoram
1459 3497 1532 3573 sita,
1560 3497 1593 3560 in
1616 3519 1681 3583 qua
1708 3509 1818 3582 caput,

395 3609 523 3672 nemine
540 3610 672 3680 sciente,
695 3620 785 3674 caute
805 3609 980 3673 abscondit.
1004 3607 1160 3693 Vulgiuus
1181 3610 1239 3672 iste
1264 3619 1382 3673 terram
1404 3631 1496 3673 suam
1519 3608 1592 3673 liliis
1617 3611 1682 3673 suis
1696 3610 1817 3684 divisit,

395 3719 551 3806 Audoyno
561 3720 792 3805 Engolismam,
803 3720 1062 3786 Guillermovero
1071 3720 1272 3805 Petragoram
1282 3731 1313 3783 et
1325 3718 1503 3805 Agermum.
1518 3723 1590 3786 Post
1604 3720 1819 3786 Guillermum

395 3831 428 3895 in
448 3831 635 3896 comitatum
658 3832 807 3897 successit
828 3832 1024 3906 Bernartius,
1046 3830 1130 3895 filius
1151 3831 1235 3916 ejus,
1253 3842 1284 3897 et
1305 3832 1434 3897 domina
1457 3835 1573 3920 Eyma,
1595 3832 1819 3918 liliaejusdem

396 3942 582 4019 Guillermi,
596 3966 660 4030 que
672 3943 831 4011 edificavit
845 3944 1001 4031 capellam
1016 3916 1122 4008 Sancti
1139 3940 1263 4007 Andree
1279 3943 1318 4008 de
1332 3945 1432 4009 Podio
1447 3945 1554 4009 Sancti
1572 3945 1772 4010 Frontonis.»

442 4055 507 4119 Hec
518 4056 549 4118 in
564 4057 705 4143 predicta
719 4057 837 4121 lamina
850 4079 966 4143 cuprea
979 4056 1088 4121 litteris
1101 4055 1259 4142 insculpta
1273 4067 1373 4122 erant.
1384 4057 1568 4122 Predictum
1581 4079 1653 4122 vero
1666 4078 1819 4121 craneum

396 4166 509 4250 capitis
531 4166 629 4229 saneti
646 4167 790 4254 Dyonisii
807 4167 1040 4241 venerandum,
1059 4189 1133 4231 cum
1154 4167 1264 4232 multis
1286 4167 1356 4231 aliis
1378 4169 1492 4232 sanctis
1515 4167 1675 4253 reliquiis,
1696 4168 1820 4230 Fratres

396 4274 608 4340 Predicatores
618 4278 808 4360 Petregoris,
820 4279 864 4343 sic
876 4280 1063 4367 disponente
1076 4280 1231 4354 Domino,
1245 4278 1427 4343 habuerunt
1440 4291 1471 4343 et
1485 4278 1705 4343 venerabiliter
1720 4289 1820 4342 custo-

339 4427 346 4438 ·
394 4387 489 4450 diunt
502 4397 533 4451 et
543 4399 744 4461 conservant,
754 4401 785 4453 et
798 4390 919 4454 ibidem
933 4413 951 4454 a
964 4390 1112 4455 fidelibus
1128 4392 1254 4479 populis
1267 4392 1436 4457 devocione
1448 4412 1586 4479 congrua
1599 4389 1819 4454 venerantur¹.

456 4575 546 4649 179.
578 4574 681 4652 Voici
700 4573 925 4653 l'iudication
943 4576 1009 4652 des
1029 4577 1187 4653 maisons
1205 4578 1296 4654 dont
1313 4577 1473 4654 Bernard
1487 4576 1559 4656 Gui
1578 4606 1597 4652 a
1616 4577 1703 4653 ecrit
1721 4575 1820 4653 l'his·

395 4704 504 4791 toire,
523 4734 608 4781 avec
623 4706 747 4782 renvoi
761 4735 829 4781 aux
841 4733 952 4812 pages
971 4707 1298 4814 correspondantes
1313 4708 1379 4784 des
1393 4709 1484 4785 trois
1498 4708 1713 4785 manuscrits
1725 4707 1816 4811 (273

440 4918 445 4947 ¹
471 4917 523 4977 Ms.
545 4919 603 4980 180
616 4919 653 4978 de
666 4919 829 4990 Bordeaur,
845 4917 894 4979 sol.
910 4919 948 5002 67
963 4929 999 4979 ν’.
