4928 6382
817 552 930 638 DES
966 550 1359 695 bihNUSCRlTS.
1714 553 1800 641 387

255 770 262 783 ·
378 741 546 832 ipsorum,
566 732 611 805 ad
631 745 744 829 partes
759 734 850 813 istas,
875 756 956 802 cum
977 734 1066 827 regia
1083 733 1276 827 potestate¹,
1296 730 1455 803 dominus
1471 727 1643 804 iohannes
1664 728 1707 805 de
1728 732 1805 805 Pin·

378 852 1806 954 quonio,vicedominusAmbianensismilespicardusi,ethichardusNepotis,nor·
1935 854 1979 892 ω

380 1005 541 1061 mannus,
556 976 822 1074 archidyaconus
837 974 930 1071 Algie
944 977 980 1045 in
996 975 1134 1045 ecclesia
1151 954 1358 1057 Leroviensi,
1370 979 1430 1072 qui
1447 975 1685 1049 reformatores
1698 982 1805 1074 patrie
1880 947 2034 1080 mnostrum

380 1106 414 1172 in
433 1105 500 1173 suis
517 1101 635 1172 litteris
651 1124 686 1170 se
702 1096 869 1169 dicebant.
885 1096 957 1167 Sub
971 1096 1093 1193 quibus
1109 1097 1330 1192 multiplicata
1344 1112 1423 1168 sunt
1434 1099 1522 1168 mala
1537 1102 1571 1168 in
1587 1114 1675 1170 terra
1687 1114 1806 1172 contra
1863 1134 1981 1174 smnus
1995 1136 2049 1175 eor.

381 1222 534 1294 officium
552 1222 783 1318 inquisicionis
801 1234 833 1290 et
849 1221 1064 1314 inquisitores
1079 1232 1112 1288 et
1124 1220 1340 1313 episcopum,
1365 1232 1398 1289 et
1417 1218 1532 1316 piures
1547 1219 1651 1291 additi
1666 1234 1746 1292 sunt
1762 1221 1805 1293 ad

383 1370 454 1425 eos,
480 1358 513 1414 et
530 1347 593 1439 ipsi
614 1342 692 1413 sacti
713 1354 791 1413 sunt
814 1340 877 1411 illis
898 1338 942 1411 ad
961 1338 1216 1411 firmamentum
1234 1339 1367 1411 malicie
1386 1356 1419 1412 et
1436 1344 1602 1437 nequicie.
1622 1342 1808 1439 Ceperunt·

379 1492 446 1564 que
469 1491 509 1537 ex
524 1479 607 1536 tunc
627 1462 821 1535 hereticales
843 1488 972 1533 cornua
992 1465 1120 1557 erigere
1139 1486 1179 1532 ac
1197 1466 1304 1533 sevire
1326 1466 1456 1558 gravius
1465 1465 1490 1545 ⁸,
1510 1464 1704 1560 etamplius
1723 1468 1807 1537 insa·

382 1592 474 1673 nire3
498 1586 631 1684 fuitque
659 1585 723 1657 sub
748 1588 796 1656 eis
819 1585 1052 1681 inquisicionis
1079 1584 1232 1655 officinm
1260 1584 1492 1680 multipliciter
1515 1586 1751 1681 perturbatum
1775 1602 1809 1658 et

380 1707 604 1807 impeditum,
623 1707 830 1803 frternntque
845 1707 932 1801 capti
948 1705 1052 1802 aliqui
1068 1708 1213 1777 ministri
1228 1708 1473 1802 inquisicionis,
1490 1705 1707 1780 demandato
1722 1712 1807 1781 vica·

382 1831 532 1914 domini,
559 1843 593 1900 et
616 1854 766 1899 carceres
786 1830 1027 1924 inquisitorum
1052 1830 1158 1899 invasi
1185 1853 1248 1923 per
1273 1854 1369 1912 eum3
1393 1827 1533 1900 fuerunt
1557 1833 1659 1901 etiam
1683 1831 1808 1926 pluries

381 1955 675 2025 comminaciones
689 1977 728 2023 ac
743 1954 837 2022 mine
851 1950 1055 2046 multiplices
1073 1948 1328 2046 inquisitoribus
1346 1976 1385 2023 ac
1403 1955 1562 2023 ministris
1577 1955 1808 2049 inquisicionis

287 2088 294 2099 '
381 2089 416 2145 et
440 2077 614 2146 amiciret
640 2077 798 2171 episcopo
821 2071 971 2144 Albiensi
991 2076 1104 2168 sepius
1130 2075 1293 2144 intentate
1313 2071 1517 2168 inpartibus
1541 2073 1755 2145 Albieusibus
1775 2089 1809 2147 et

382 2194 707 2269 Carcassonensibus
725 2208 759 2264 et
779 2197 882 2299 etiam
902 2193 1118 2279 Tholosanis;
1138 2192 1396 2291 clamabantque
1420 2208 1537 2266 contra
1561 2220 1618 2266 eos
1639 2194 1691 2267 dd
1707 2194 1809 2293 procti-

383 2321 482 2390 tores!
498 2317 550 2388 Ad
565 2315 752 2414 proditores!

434 2438 529 2510 Bona
547 2463 688 2534 quoque
709 2435 908 2532 temporalia
933 2439 1097 2532 episcopi,
1118 2434 1377 2531 procurantibus
1397 2435 1646 2519 hereticalibus,
1670 2434 1809 2507 fuerunt

382 2575 562 2656 occupata,
576 2576 609 2630 et
623 2559 754 2630 decime
765 2585 827 2655 per
834 2557 1002 2656 quosdam
1016 2561 1121 2655 quise
1133 2558 1293 2630 dicebant
1308 2557 1438 2631 nobiles
1451 2573 1625 2655 usmpate3
1642 2574 1674 2629 et
1691 2575 1810 2631 contra

383 2685 582 2778 episcopum
602 2695 848 2762 memoratum,
869 2680 912 2752 de
932 2680 1097 2761 Tholosa,
1122 2706 1193 2777 quo
1213 2684 1316 2752 iverat
1332 2680 1397 2751 hac
1413 2679 1457 2751 de
1475 2704 1588 2762 cansa,
1610 2680 1809 2753 redeuntem

382 2802 426 2874 ad
440 2829 537 2874 suam
552 2802 668 2874 sedem
688 2801 898 2885 Albiensem,
916 2827 996 2871 cum
1011 2805 1299 2899 appropinquaret
1315 2801 1359 2874 ad
1378 2805 1561 2884 civitatem,
1578 2805 1750 2873 exiverunt
1767 2801 1808 2873 dc

382 2928 515 2996 civitate
534 2924 691 2996 homines
713 2940 746 2995 et
767 2925 926 2995 mulieres
947 2922 1045 2994 turba
1071 2924 1258 2995 coadunata
1281 2937 1315 2994 et
1339 2924 1494 3020 colligata
1517 2927 1553 2995 in
1574 2923 1719 3003 malum,
1742 2922 1809 2994 cla·

385 3061 517 3118 mantes
541 3062 658 3118 contra
682 3072 762 3117 eum
784 3044 836 3117 Ad
856 3050 1007 3116 mortem!
1029 3045 1080 3117 rid
1100 3050 1247 3117 mortem!
1267 3046 1429 3116 Moriatur
1449 3045 1606 3141 proditor!
1632 3046 1810 3117 Moriatur!

385 3167 530 3265 Fuitque
551 3171 683 3240 invasus
700 3165 743 3238 ab
760 3170 807 3238 eis
824 3181 857 3237 et
875 3169 1099 3262 ignominiose
1116 3166 1225 3238 verbis
1243 3180 1276 3238 et
1294 3171 1466 3263 vituperiis
1485 3182 1665 3249 saturatus,
1686 3166 1810 3264 quibus

383 3318 403 3360 e
421 3292 590 3362 contrario
609 3303 723 3400 pastor
737 3288 849 3360 bonus
865 3287 1087 3360 benedicebat
1101 3315 1201 3360 more
1224 3289 1418 3386 episcopali,
1436 3288 1591 3385 exemplo
1613 3288 1806 3371 Salvatoris,

382 3415 457 3509 qui,
476 3436 557 3482 cum
575 3411 844 3493 malediceretur,
868 3438 940 3482 non
960 3410 1200 3495 maledicebat,
1222 3426 1503 3508 compateretur,
1532 3437 1602 3484 non
1624 3415 1809 3483 commina-

381 3532 492 3615 batur,
514 3534 753 3632 pacienterque
769 3560 809 3604 ae
821 3548 1013 3606 constanter
1026 3537 1140 3606 omnia
1152 3535 1321 3616 toleravit,
1335 3534 1459 3605 nullius
1472 3532 1692 3629 postmodum
1707 3533 1811 3604 ulcio·

386 3680 465 3725 nem
482 3668 540 3725 aut
556 3654 740 3727 vindictam
761 3658 952 3752 requirens,
968 3668 1019 3725 set
1032 3658 1138 3752 magis
1155 3659 1308 3751 ipsorum
1324 3659 1428 3727 errori
1446 3658 1660 3750 compaciens
1683 3669 1715 3725 et
1732 3680 1810 3729 con·

383 3757 518 3859 dolens,
546 3802 586 3847 ex
609 3781 724 3848 animo
742 3776 928 3848 clementer
950 3776 1104 3861 indulsit,
1125 3780 1232 3848 sciens
1252 3777 1344 3874 quod
1364 3776 1455 3849 beati
1474 3792 1553 3848 sunt
1574 3782 1633 3875 qui
1652 3803 1810 3876 persequ-

383 3882 518 3970 cionem
533 3913 674 3996 propter
689 3903 862 3997 justiciam
879 3903 1075 3995 paciuntur,
1094 3904 1188 3997 prius
1206 3914 1320 3971 autem
1340 3926 1433 3984 suos,
1452 3904 1511 3997 qui
1529 3904 1565 3971 in
1581 3903 1737 3973 comitiva
1750 3924 1810 3971 sua

385 4035 496 4102 erant,
516 4036 704 4093 armaverat
723 4020 765 4093 ad
783 4025 993 4118 pacienciam
1010 4020 1225 4092 sermonibus
1244 4021 1343 4092 valde
1365 4021 1480 4103 bonis,
1501 4025 1599 4093 ateis
1621 4020 1811 4093 inhibuerat

384 4138 447 4211 sub
475 4166 563 4236 pena
586 4145 637 4213 sui
656 4146 780 4213 amoris
800 4167 839 4213 ac
862 4142 1082 4214 anathematis
1108 4168 1151 4213 ne
1174 4145 1286 4240 ipsum
1311 4147 1347 4213 in
1369 4169 1446 4214 casu
1465 4142 1810 4257 illo-defenderentvi

383 4285 560 4333 armornm
577 4277 636 4333 ant
649 4262 886 4347 vindicer-east,
915 4265 990 4347 sed,
1010 4290 1089 4337 cum
1105 4291 1187 4337 enm
1204 4265 1348 4337 interfici
1365 4280 1423 4336 aut
1438 4264 1597 4337 trucidari
1614 4278 1807 4344 comerent,

383 4381 427 4454 ad
445 4383 562 4455 Deum
577 4384 763 4456 clamarent
787 4385 831 4456 Te
850 4387 953 4458 Deam
974 4386 1152 4471 iamiomns,
1174 4412 1323 4459 asserens
1339 4413 1374 4458 se
1394 4402 1620 4484 spontaneum
1642 4389 1730 4457 mori
1746 4410 1809 4482 pro

422 4615 430 4646 ¹
449 4613 499 4666 Les
521 4621 589 4668 mota
609 4633 665 4668 caru
689 4614 755 4691 repis
776 4623 895 4689 potestate
919 4628 1063 4692 manqucnt
1173 4615 1305 4682 ’Granio
1318 4636 1367 4673 rns.
1381 4616 1414 4672 da
1429 4618 1567 4675 Toutoase

384 4705 747 4762 damiems.deBordeau1.
1174 4711 1185 4743 ⁴
1203 4711 1224 4764 A
1242 4720 1282 4765 cet
1296 4711 1409 4773 endroit,
1424 4711 1490 4766 daus
1505 4712 1530 4766 h
1548 4729 1637 4785 marga
1653 4710 1689 4766 du
1708 4730 1756 4766 ms.
1777 4709 1813 4766 de

422 4802 432 4833 ²
451 4800 488 4855 Le
507 4812 563 4855 mot
577 4798 695 4875 picardus
715 4821 828 4879 manque
844 4803 910 4858 daus
924 4805 949 4859 le
966 4823 1015 4859 ms.
1027 4803 1062 4859 dc
1137 4803 1272 4860 Bvrdeaux
1287 4823 1321 4858 on
1336 4808 1448 4879 sajonte'
1464 4806 1501 4860 lcs
1519 4816 1587 4861 rnots
1599 4827 1606 4859 ι
1619 4805 1670 4860 dut
1688 4803 1753 4860 aliar
1768 4802 1812 4859 ati

386 4894 527 4951 Borricaux.
1137 4896 1207 4972 [coi]
1220 4897 1269 4952 aior
1281 4897 1402 4975 irymvrtt.

1607 5018 1675 5111 iq.
