4924 6386
650 516 737 600 224
1235 514 1490 599 NOTlCES

386 717 612 725 *Μ’-
649 696 777 769 mitani,
796 697 878 760 sicut
903 717 939 758 ea
957 695 1045 781 prius
1060 692 1235 780 Templarii
1249 692 1465 779 possidebant,
1488 692 1609 776 ubique
1630 702 1803 764 terrarum,
1819 691 1955 777 exceptis
1975 693 2078 777 reguis

479 817 523 852 ¹⁸³
651 809 810 898 llyspanie
826 830 880 871 seu
894 806 1043 880 Castelle,
1056 804 1234 889 portugalie
1250 816 1280 868 et
1292 802 1446 890 dragonie
1459 802 1743 888 etfllajoricarum,
1760 825 1818 899 pro
1834 804 1969 890 eoquod
1982 828 2076 899 prop·

423 912 576 946 ⁸¹⁵⁸‘⁵“¹²¹¹⁸
650 933 698 984 ter
709 921 789 984 bona
809 920 916 1005 quein
931 918 1024 981 dictis
1040 919 1143 1001 regnis
1158 917 1318 981 habebant
1332 916 1504 1002 Templarii
1517 916 1707 979 tenebantur
1718 916 1776 1001 ipsi
1788 927 1896 981 contra
1909 915 2077 981 frontarias

485 1004 517 1039 Μ’
650 1033 899 1096 sarracenorum
913 1041 944 1094 et
957 1029 1094 1095 Granate
1111 1031 1142 1092 in
1162 1028 1224 1093 illis
1240 1030 1381 1116 partibus
1399 1028 1552 1096 militare.
1566 1028 1735 1092 defendere
1750 1050 1786 1091 ac
1805 1028 1901 1101 tueri,
1915 1029 1995 1092 sicut
2010 1029 2075 1103 ‚ibt-

649 1144 723 1206 dem
748 1143 779 1204 in
801 1142 935 1207 concilio
960 1143 1158 1228 propositum
1181 1152 1211 1204 et
1236 1152 1414 1227 optentum.
1431 1142 1478 1205 De
1496 1140 1638 1226 personis
1660 1161 1734 1202 vero
1750 1139 2010 1225 Templariorunr
2033 1143 2076 1204 sic

406 1098 523 1133 tttttttttttr
539 1098 590 1135 Get.

650 1255 748 1318 extitit
768 1255 952 1318 ordinatum
964 1265 1015 1326 ut,
1027 1255 1220 1341 quibusdam
1238 1255 1429 1317 nominatim
1442 1252 1594 1339 expressis
1602 1250 1805 1337 disposicioni
1816 1253 1898 1316 sedis
1908 1252 2076 1339 apostolice

649 1367 825 1440 reservatis,
840 1368 935 1431 ceteri
954 1388 1066 1431 ornnes
1074 1366 1200 1451 judicio
1218 1377 1248 1429 et
1263 1366 1466 1451 disposiciuni
1484 1364 1953 1451 consiliorumprovincialium
1968 1365 2000 1428 in
2015 1367 2076 1428 siu·

648 1477 729 1562 gulis
745 1479 916 1564 provinciis
934 1490 1007 1541 sunt
1029 1478 1146 1551 relicti,
1168 1479 1319 1563 quatinus
1332 1477 1425 1563 juxta
1449 1477 1664 1541 diversitatem
1682 1477 1909 1541 condicionum
1934 1478 2074 1564 ipsoruut

648 1612 724 1653 cum
739 1592 783 1654 eis
797 1591 975 1676 pereadem
988 1589 1117 1655 consilia
1129 1591 1328 1677 procedatur,
1340 1588 1535 1653 itavidelicet
1546 1589 1632 1674 quod
1648 1587 1777 1674 illisqui
1793 1612 1888 1676 super
1900 1592 2074 1687 erroribus,

647 1704 789 1787 exigente
808 1703 946 1787 justicia,
967 1702 1085 1765 fuerint
1101 1694 1237 1765 absoluti
1257 1704 1296 1765 de
1309 1702 1401 1765 bonis
1416 1698 1528 1788 prefati
1548 1701 1712 1787 quondam
1729 1701 1863 1772 ordinis,
1886 1700 1971 1764 unde
1984 1705 2076 1784 juxta

648 1826 746 1878 status
774 1815 822 1878 sui
845 1815 1028 1878 decencinm
1056 1815 1227 1878 sustentari
1253 1816 1392 1885 valeant,
1416 1815 1631 1882 ministretur;
1652 1814 1734 1876 circa
1757 1834 1809 1878 eos
1834 1825 1939 1903 aretem
1958 1813 2018 1899 ‘qui
2036 1815 2076 1876 de

649 1926 779 2011 prefatis
800 1928 960 1991 erroribus
983 1925 1101 1989 fuerint
1124 1926 1277 1999 confessi,
1300 1926 1504 1990 consideratis
1525 1946 1636 1987 eorum
1653 1920 1895 1987 condicionibus
1916 1924 2075 2007 modoque

648 2038 852 2102 confessionis
873 2049 1019 2123 pensato,
1046 2039 1131 2123 rigor
1147 2037 1276 2123 justicie
1297 2060 1372 2101 cum
1392 2030 1771 2100 affluentimisericordia
1791 2032 1969 2119 mitigetur:
1993 2029 2075 2098 circa

648 2151 871 2237 impenitentes
883 2172 956 2237 vero
969 2162 998 2215 et
1013 2150 1166 2237 relapsos,
1185 2151 1210 2214 si
1225 2152 1280 2236 qui
1297 2150 1417 2213 inventi
1432 2148 1567 2225 fuerint,
1576 2148 1706 2233 justicia
1716 2159 1771 2210 aut
1783 2146 2074 2213 censuracanonicu

648 2263 845 2335 observetur3
863 2263 969 2348 quoad
985 2262 1055 2326 illos
1075 2285 1148 2326 vero
1162 2265 1217 2348 qui
1236 2273 1267 2326 et
1284 2263 1440 2348 suppositi
1458 2254 1678 2348 questionibus
1693 2283 1725 2322 se
1741 2260 1888 2347 predictis
1906 2279 1970 2323 esse
1990 2260 2074 2323 invu-

649 2374 730 2439 lutos
741 2375 901 2439 erroribus
919 2375 1117 2459 negaverint,
1131 2397 1189 2460 per
1201 2374 1312 2439 eadent
1330 2375 1460 2438 consilia
1477 2384 1687 2455 reservaretur
1700 2384 1730 2434 et
1746 2371 1830 2434 fieret
1850 2371 1937 2459 quod
1948 2376 2074 2457 justuut

648 2487 726 2550 foret
750 2498 779 2549 et
801 2487 923 2571 equitas
943 2509 1105 2550 canonum
1130 2487 1290 2562 suaderet,
1313 2498 1343 2550 et
1361 2487 1592 2550 collocarentur
1612 2484 1727 2569 singuli
1749 2485 1780 2547 in
1805 2482 1955 2549 domibus
1976 2486 2075 2571 ipsius

648 2599 811 2684 quondanr
834 2599 955 2662 ordinis
971 2599 1101 2685 Templi
1120 2600 1221 2663 autin
1241 2600 1458 2683 religiosorum
1479 2598 1617 2663 aliorum
1635 2597 1848 2669 monasteriis,
1867 2596 1906 2660 ad
1924 2618 2075 2685 expensas

647 2711 767 2774 ordinis
780 2711 946 2795 quondam
960 2710 1105 2797 Templi,
1124 2712 1163 2773 ita
1186 2723 1291 2775 tamen
1312 2713 1398 2797 qnod
1412 2712 1444 2773 in
1460 2734 1523 2774 uua
1541 2711 1636 2775 domo
1656 2732 1757 2772 unove
1772 2709 1963 2781 inonasterio
1981 2702 2074 2773 rnulti

647 2823 742 2885 simul
763 2820 943 2885 nullatenus
956 2835 1161 2908 ponerentur.
1178 2823 1226 2887 ttti
1246 2835 1353 2887 autem
1368 2846 1443 2887 curn
1460 2823 1578 2907 quibus
1596 2823 1739 2885 nondum
1751 2821 1853 2884 fuerat
1867 2818 2074 2911 inquisitum,

648 2946 678 2997 et
699 2935 755 3019 qui
777 2935 837 2997 sub
860 2945 1013 3020 potestate
1036 2936 1101 2999 eccl
1123 2936 1167 2999 sie
1186 2937 1319 2999 minime
1339 2936 1538 3010 tenebantur,
1556 2945 1586 2998 et
1604 2936 1659 3019 qui
1678 2944 1768 2997 erant
1787 2934 1926 3017 fugitivi,
1942 2924 2075 2998 fuerunt

615 3028 623 3039 .
647 3047 731 3110 citati
750 3068 823 3110 cum
845 3046 947 3110 edicto
963 3047 1091 3133 publicu
1114 3048 1144 3109 iu
1164 3047 1294 3111 consilio
1311 3047 1465 3132 generali,
1489 3057 1524 3109 ut
1546 3046 1665 3133 precise
1685 3057 1716 3109 et
1739 3045 1975 3132 perhemptorie
1992 3044 2075 3109 iufra

647 3182 769 3222 aunum
787 3182 894 3222 reram
905 3160 1090 3245 dyocesanis
1103 3159 1169 3222 suis
1182 3159 1389 3246 personaliter
1399 3169 1633 3244 comparerent,
1646 3158 1782 3233 subituri
1799 3179 1911 3221 eorum
1925 3178 2072 3231 examen,

647 3283 676 3335 ‘et
694 3273 872 3336 secundum
887 3272 1094 3336 consiliorum
1114 3271 1273 3353 judicium
1289 3294 1347 3359 pro
1365 3272 1486 3334 meritis
1500 3270 1672 3357 recepturi3
1691 3270 1747 3356 qui
1766 3292 1837 3332 vero
1854 3268 1936 3333 infra
1952 3291 2073 3367 annum

649 3387 783 3450 minime
808 3396 1045 3473 comparerent,
1075 3385 1417 3451 excommunicacionis
1439 3386 1632 3448 sentenciam
1662 3384 1861 3447 incurrerent
1887 3384 1954 3470 ipso
1976 3384 2073 3454 facto,

648 3519 746 3582 quam
765 3498 790 3560 si
807 3482 998 3584 perannum
1015 3498 1207 3561 sustinerent
1223 3499 1331 3562 aninlo
1347 3498 1517 3584 pertinaci,
1537 3520 1573 3560 ex
1591 3508 1666 3560 tuuc
1681 3496 1765 3560 velut
1777 3495 1906 3559 heretici
1924 3496 2074 3582 dampna-

650 3618 768 3672 rentur.

707 3837 778 3912 Sur
793 3834 828 3911 le
843 3835 907 3911 fol.
931 3866 1005 3940 ¹09
1021 3853 1055 3912 v⁰
1072 3838 1121 3913 du
1140 3868 1207 3915 ms.
1233 3868 1243 3914 r
1262 3868 1348 3942 ¹7¹3
1370 3839 1461 3915 dont
1475 3839 1514 3945 je
1532 3839 1654 3918 donne
1675 3837 1708 3913 le
1730 3835 1923 3935 fac-simile
1941 3835 2007 3941 (pl.
2020 3836 2072 3943 Ι),

648 3967 681 4041 le
704 3967 852 4043 dernier
873 3986 950 4049 tuot
970 3968 1016 4043 de
1037 3968 1071 4046 la
1090 3968 1221 4074 phrase
1243 3969 1392 4045 relative
1416 4000 1485 4049 aux
1504 3970 1610 4046 biens
1632 3969 1698 4044 des
1718 3967 1923 4073 Templiers
1944 3950 2075 4069 lepteu-

648 4101 749 4202 tum),
776 4116 812 4174 et
837 4116 918 4174 tout
942 4098 975 4174 le
1003 4099 1227 4207 paragraphe
1254 4101 1411 4201 suivant,
1439 4101 1523 4176 saul
1543 4101 1595 4176 les
1620 4116 1749 4205 quatre
1777 4099 1952 4204 premiers
1979 4112 2075 4171 urots

650 4231 721 4333 (De
747 4234 896 4332 personis
921 4260 997 4307 vero
1024 4234 1323 4336 Templurioruru),
1349 4249 1413 4307 ont
1441 4234 1498 4307 ete
1525 4233 1632 4307 ecrits
1658 4235 1762 4335 apres
1789 4230 1884 4336 coup
1909 4258 1977 4304 aus
2000 4226 2075 4302 lieu

648 4379 684 4437 et
704 4362 940 4467 ,place'd'une
967 4364 1156 4441 redaction
1182 4364 1364 4469 premiere
1390 4365 1454 4468 qui
1480 4393 1499 4438 a
1527 4364 1584 4439 ete
1615 4363 1911 4468 soigneusernent
1936 4361 2075 4467 grattera

648 4495 767 4598 etqui
789 4495 877 4571 etate
896 4494 1087 4601 beaucoup
1112 4495 1196 4600 plus
1215 4512 1360 4581 courte,
1382 4498 1540 4601 puisque
1564 4494 1596 4569 la
1621 4493 1809 4571 redaction
1829 4491 1997 4569 nouvelle
2019 4488 2074 4564 n'a

646 4654 698 4729 pu
715 4627 812 4700 tenir
828 4626 937 4729 qu’en
956 4626 1163 4703 debordant
1177 4656 1240 4702 sur
1258 4626 1311 4702 les
1330 4601 1472 4732 merges
1488 4627 1540 4701 du
1555 4617 1709 4701 feuillet.
1728 4624 1793 4710 Or,
1811 4623 1902 4699 dans
1916 4622 1950 4699 le
1969 4608 2078 4697 livret

648 4756 792 4831 intiurtt
821 4757 992 4832 Praeclara
1016 4761 1224 4834 Francorum
1238 4761 1420 4863 facinora,
1445 4787 1490 4833 au
1517 4757 1591 4832 lieu
1612 4756 1663 4831 du
1682 4772 1760 4832 uret
1779 4769 1962 4859 optentum,
1984 4746 2076 4829 nous

647 4905 821 4963 trouvons
851 4885 885 4962 le
918 4906 994 4963 rnot
1020 4891 1212 4991 probatum,
1234 4907 1280 4969 et
1306 4888 1340 4964 le
1371 4888 1597 4995 paragrapho
1630 4885 1754 4963 relatis
1778 4916 1847 4994 auu
1876 4912 2077 4991 personnes
