4928 6382
850 537 956 629 DES
993 535 1386 622 MANUSCRITS.
1744 539 1829 625 [129

402 717 517 810 ragine
538 714 706 784 diminuta
727 714 811 783 etin
832 713 1003 809 plerisque
1021 712 1125 784 dubia
1142 713 1337 793 videbatur,
1359 715 1537 808 originales
1556 716 1714 811 legendas
1735 742 1828 788 sanc-

403 854 517 908 torum
531 834 891 930 relegens,pluresque
904 849 1100 906 sanctorum
1109 834 1355 929 superaddens,
1371 860 1459 906 nova
1472 860 1511 904 ac
1524 836 1665 907 ecclesie
1674 837 1738 908 Dei
1746 836 1828 909 fruc·
1963 846 2007 882 Μ’

403 975 499 1031 tuosa
514 982 584 1028 non
603 955 796 1036 modicum,
814 955 1056 1051 quadripartita
1083 956 1325 1051 compilatione
1344 961 1552 1052 conscripsit.
1575 958 1639 1028 llic
1654 961 1756 1029 etiam
1771 961 1831 1031 do·
1907 940 2059 977 nivrrscnns

405 1083 519 1150 minus
542 1092 613 1148 tam
638 1080 759 1147 sinceri
784 1075 922 1147 affectus
943 1092 1015 1147 erat
1038 1076 1080 1147 ad
1105 1092 1250 1147 matrem
1273 1103 1369 1148 suam
1390 1078 1605 1175 religionem,
1630 1107 1696 1176 qne
1720 1083 1832 1175 ipsum
1892 1128 2009 1165 cannino
2024 1128 2076 1163 arr.

405 1201 620 1280 educaverat,
646 1213 684 1269 ut
715 1202 892 1294 episcopus
919 1201 1061 1269 existens
1090 1199 1246 1270 Avinioni
1269 1225 1349 1270 cum
1378 1200 1486 1270 multa
1509 1200 1690 1272 devotione
1716 1203 1832 1274 fecerit

405 1323 650 1420 professionem
668 1324 757 1392 inter
775 1347 895 1393 manus
912 1324 1063 1416 magistri
1089 1320 1218 1392 ordinis
1243 1321 1500 1393 Predicatorum
1526 1321 1635 1393 fratris
1658 1325 1830 1405 Barnabe,

405 1445 521 1517 dicens
544 1444 743 1524 formaliter,
765 1446 882 1538 positis
902 1441 1061 1513 manibus
1082 1446 1152 1513 suis
1170 1447 1260 1513 inter
1279 1469 1399 1513 manus
1422 1448 1590 1538 magistri:
1614 1446 1710 1541 «Ego
1728 1446 1831 1518 frater

406 1566 598 1638 Bernardus
617 1564 800 1645 Guidonis,
817 1568 995 1660 episcopus
1014 1564 1239 1647 Lodovensis,
1255 1563 1341 1635 facio
1355 1563 1599 1659 professionem
1620 1581 1653 1637 et
1669 1572 1833 1661 promitto

406 1679 644 1761 obedienciam
659 1688 734 1759 Deo
754 1701 788 1757 et
808 1685 906 1758 beate
921 1687 1028 1758 Marie
1045 1702 1079 1757 et
1096 1687 1198 1757 beato
1214 1689 1396 1757 Dominico
1415 1701 1448 1756 et
1469 1687 1529 1757 tibi
1548 1686 1642 1758 fratri
1662 1689 1833 1765 Barnabe,

406 1815 565 1908 magistro
589 1809 717 1881 ordinis
744 1809 900 1887 fratrum
927 1810 1203 1891 predicatorum,
1223 1809 1317 1905 quod
1342 1835 1401 1880 ero
1427 1808 1489 1879 tibi
1512 1808 1676 1880 obediens
1700 1815 1834 1906 tuisque

406 1933 654 2005 suecessoribus
668 1957 774 2029 usque
789 1931 832 2003 ad
844 1946 1005 2003 mortem.
1018 1962 1033 2001 n

457 2056 509 2127 De
532 2060 594 2127 isto
619 2054 760 2126 domino
785 2052 885 2125 fratre
910 2054 1083 2125 Bernardo
1107 2069 1247 2126 testatus
1277 2071 1326 2126 est
1349 2060 1459 2127 socius
1488 2082 1568 2126 suus
1592 2056 1695 2128 frater
1717 2058 1836 2128 Petrus

405 2178 550 2259 Sicardi‚
571 2179 630 2274 qui
652 2177 852 2271 plusquam
871 2176 931 2248 XV
952 2180 1048 2246 annis
1069 2175 1319 2248 confessionem
1334 2202 1431 2246 suam
1450 2180 1545 2273 quasi
1562 2182 1724 2248 continue
1742 2181 1834 2249 audi·

405 2314 513 2380 verat,
529 2298 622 2395 quod
634 2303 704 2393 ipse
716 2312 801 2368 esset
810 2312 944 2392 paratus
952 2300 1069 2392 jurare
1080 2298 1173 2393 quod
1188 2323 1356 2394 nusquam
1372 2298 1543 2369 confessus
1554 2314 1605 2370 est
1613 2299 1677 2370 sibi
1685 2302 1834 2397 aliquam

405 2422 540 2516 culpam
555 2424 589 2488 in
605 2444 672 2515 qua
691 2423 761 2514 ipse
779 2423 978 2515 cognoverit
992 2444 1051 2489 sen
1058 2419 1264 2513 judicaverit
1282 2446 1353 2489 esse
1367 2420 1512 2491 mortale
1529 2436 1718 2514 peccatum.

459 2542 522 2613 Hic
534 2540 689 2620 tandem,
709 2540 925 2635 pontificatus
940 2545 991 2612 sui
1012 2566 1103 2613 anno
1122 2556 1259 2623 octavo,
1279 2555 1354 2638 post
1368 2543 1476 2612 multa
1497 2545 1663 2614 virtutum
1682 2568 1784 2638 opera
1803 2559 1835 2613 et

406 2662 584 2735 laudabilia
605 2678 639 2733 et
658 2666 799 2757 insignia
817 2663 901 2734 lacta
920 2689 987 2758 que
1005 2667 1105 2759 gessit
1122 2667 1157 2734 in
1177 2667 1373 2759 episcopatu
1395 2663 1586 2736 Lodovensi
1600 2720 1607 2745 ,
1623 2678 1694 2735 tam
1717 2669 1752 2734 in
1774 2666 1837 2737 ele-

406 2789 547 2857 mosinis
560 2810 663 2882 quam
678 2788 715 2854 in
729 2783 883 2868 edificiis,
899 2811 1003 2881 qnam
1018 2788 1119 2857 etiam
1136 2789 1171 2855 in
1182 2785 1276 2856 libris
1294 2785 1490 2856 ordinandis
1505 2811 1568 2881 pro
1583 2789 1836 2858 conservatione

405 2922 566 3003 perpetua
578 2909 712 3002 jurium
720 2905 809 2977 illius
824 2906 979 2987 ecclesie,
1000 2908 1086 2978 sicut
1104 2907 1168 2977 hec
1183 2907 1288 2979 lacius
1299 2922 1414 2979 notata
1430 2912 1690 3004 reperiunturin
1702 2913 1836 2980 cronica

405 3031 644 3125 episcoporum
669 3028 938 3109 Lodovensium,
966 3053 1033 3124 que
1058 3028 1271 3100 incathenata
1295 3033 1330 3098 in
1359 3029 1464 3101 choro
1496 3030 1652 3125 ejusdem
1677 3032 1834 3109 ecclesie,

404 3168 482 3223 ante
497 3151 616 3223 sedern
630 3150 871 3247 episcopalem,
892 3166 1146 3232 conservantur,
1161 3150 1275 3221 habita
1286 3154 1380 3247 prius
1394 3167 1427 3222 et
1439 3150 1578 3222 obtenta
1592 3178 1610 3221 a
1627 3178 1689 3222 suo
1702 3152 1837 3223 confes-

404 3301 495 3357 sore,
511 3277 710 3345 auctoritate
723 3271 855 3345 domini
873 3273 1037 3346 lobannis
1050 3298 1137 3369 pape
1149 3272 1260 3353 XXII,
1278 3273 1377 3369 plena
1390 3272 1606 3369 indulgencia
1618 3289 1835 3370 peccatorum

403 3421 561 3477 suorum,
577 3400 738 3492 susceptis
756 3394 879 3467 devote
897 3392 1038 3465 ecclesie
1054 3398 1287 3473 sacramentis,
1308 3398 1342 3464 in
1362 3408 1462 3465 nocte
1473 3393 1693 3490 subsequenti
1710 3395 1836 3467 festum

402 3502 507 3588 sancti
530 3516 665 3589 Thorne
686 3520 848 3597 martiris,
872 3520 958 3587 circa
983 3515 1049 3586 diei
1072 3498 1247 3597 auroram,
1266 3517 1404 3611 expletis
1426 3517 1593 3587 tirannis
1616 3516 1658 3586 ab
1684 3520 1834 3612 ingressu

403 3638 531 3709 ordinis
541 3639 814 3720 Predicatorum,
827 3642 862 3709 in
877 3653 985 3708 castro
999 3637 1041 3707 de
1053 3638 1231 3719 Laurosio,
1245 3637 1454 3710 Lodovensis
1465 3638 1629 3736 dyocesis,
1649 3638 1791 3709 feliciter
1801 3644 1834 3708 in

403 3760 555 3831 Domino
585 3759 807 3841 obdormivit,
833 3785 924 3830 anno
951 3759 1078 3829 scilicet
1105 3760 1247 3831 Domini
1277 3769 1313 3830 u⁰
1333 3768 1404 3830 ccc⁰
1431 3785 1520 3840 xxxi,
1549 3763 1644 3831 etatis
1669 3787 1752 3832 vero
1776 3788 1834 3830 soe

403 3907 493 3952 anno
528 3907 588 3953 cxx
608 3882 663 3953 vel
687 3889 788 3963 card,
812 3895 965 3977 portatus
991 3880 1071 3950 inde
1095 3881 1283 3951 Lemovicis
1312 3907 1374 3975 per
1401 3907 1496 3964 suos,
1520 3886 1699 3978 sicutipse
1721 3887 1836 3953 vivens

404 4004 632 4085 ordinaverat,
650 4018 725 4099 post
739 4003 968 4099 sollempnem
987 4001 1115 4072 funeris
1136 4006 1408 4098 exequiationem
1433 4007 1468 4073 in
1487 4004 1627 4074 ecclesia
1646 4030 1706 4074 sua
1723 4005 1843 4108 catlre3

402 4125 487 4197 drali
504 4126 711 4208 Lodovensi,
735 4126 779 4197 ad
803 4139 1013 4197 conventum
1036 4111 1229 4219 predictum
1250 4124 1407 4195 Fratrum
1438 4124 1694 4196 predicatorum
1722 4141 1834 4196 tumu-

404 4246 538 4319 landus,

454 4370 518 4441 Hic
533 4395 672 4468 quoque
685 4376 801 4443 vivens
820 4386 853 4442 et
866 4374 1016 4443 moriens
1034 4369 1142 4442 fertur
1159 4372 1330 4442 miraculis
1347 4370 1516 4442 claruisse.
1533 4371 1650 4441 Frater
1667 4370 1835 4441 Arnaldus

403 4491 576 4587 Borgueti‚
594 4496 775 4590 inquisitor
789 4493 1019 4574 Barchinone,
1040 4496 1100 4589 qui
1121 4491 1185 4564 fuit
1201 4497 1295 4590 prior
1314 4493 1528 4590 provincialis
1546 4492 1573 4562 f
1575 4507 1703 4562 rutrum
1720 4491 1835 4562 Predi·

400 4627 554 4685 catorurn
570 4617 742 4710 provincie
759 4613 943 4709 dragonis,
958 4617 1011 4687 vir
1027 4628 1139 4684 certus
1157 4630 1191 4686 et
1210 4640 1326 4695 verax,
1352 4612 1445 4685 fideli
1464 4615 1661 4685 ate‘statione
1682 4612 1785 4682 michi
1803 4627 1835 4682 et

401 4733 556 4829 pluribus
573 4735 646 4806 aliis
661 4760 865 4832 magnorum
886 4738 1088 4807 meritorum
1112 4739 1206 4818 viris,
1231 4762 1309 4806 curn
1332 4736 1439 4806 multa
1458 4736 1655 4818 devotione,
1673 4739 1785 4831 sepius
1803 4750 1835 4806 et

402 4859 557 4929 seriosius
578 4862 744 4930 enarravit
768 4857 878 4956 quod,
900 4884 981 4930 cum
1007 4862 1078 4953 ipse
1099 4884 1161 4954 pro
1189 4858 1421 4954 promovenda
1445 4861 1700 4931 canonizatione
1727 4855 1836 4928 fratris
