4928 6382
829 538 940 626 DES
971 537 1368 645 MANUSCRITS.
1724 536 1812 623 383

386 722 504 806 dnus,
525 744 645 796 vesum
659 722 763 795 etimn
781 717 824 792 de
841 716 1015 793 codicibus
1034 743 1177 793 omnem
1196 717 1331 795 errandi
1354 722 1566 795 occasionem
1589 732 1622 791 et
1638 722 1815 791 materiam

386 845 528 926 aboleri,
543 870 582 917 ae
594 842 708 915 ulcisci
724 840 914 915 blasfemias
928 843 1078 915 nominis
1094 841 1233 915 Domini
1242 840 1349 915 Jhesu
1361 840 1485 917 Christi
1496 856 1530 912 et
1538 868 1599 913 sue
1609 843 1815 915 sanctissime
1945 840 1989 947 Ψ

385 966 686 1067 genestosum
710 963 799 1039 hano
818 989 954 1037 caenam
980 960 1140 1035 omnibus
1160 963 1347 1037 senescaliis
1367 967 1552 1061 ceterisque
1569 967 1761 1062 justiciariis
1781 977 1815 1034 et
1889 932 2043 1069 anappum

387 1087 638 1165 intendentibus
651 1090 792 1184 negocio
801 1085 993 1161 iudeorum
1003 1089 1040 1156 in
1055 1099 1238 1182 totoregno
1249 1112 1330 1168 suo,
1345 1111 1407 1182 per
1417 1112 1492 1157 suas
1501 1100 1653 1182 patentes
1671 1086 1813 1168 litteras.
1873 1124 1990 1162 amsans
2005 1125 2058 1163 nur.

388 1211 575 1310 dequibus
592 1209 690 1285 tobis
708 1208 849 1283 fecimus
869 1209 1008 1304 plenam
1030 1206 1156 1290 tidem,
1180 1207 1312 1281 dederit
1331 1212 1366 1280 in
1388 1209 1556 1283 mandatis
1577 1209 1673 1304 quod
1695 1234 1815 1281 omnes

283 1411 290 1423 ,
387 1332 493 1407 libros
509 1335 695 1428 omnisque
710 1334 832 1426 scripta
847 1328 1038 1401 iudeorum
1053 1355 1121 1426 que
1139 1354 1244 1426 penes
1260 1354 1319 1401 vos
1335 1329 1480 1413 habetis,
1499 1356 1558 1402 seu
1574 1334 1610 1401 in
1625 1330 1706 1402 locis
1723 1329 1815 1403 vobis

388 1459 423 1528 in
442 1456 505 1526 hac
521 1468 616 1551 parte
635 1452 795 1551 subjectis
809 1454 960 1548 poteritis
979 1454 1145 1533 invenire,
1163 1450 1262 1522 nobis
1282 1451 1453 1535 exibeatis,
1475 1467 1513 1523 ut
1528 1478 1568 1525 ex
1585 1456 1631 1525 eis
1647 1455 1816 1548 possimus

388 1576 563 1675 aligereac
581 1578 682 1646 etiam
699 1598 854 1671 separare
872 1598 992 1644 omnes
1008 1571 1111 1644 libros
1128 1588 1266 1644 vocatos
1282 1573 1421 1644 talmutz
1444 1589 1477 1645 et
1493 1575 1575 1645 alins
1592 1599 1815 1672 quoscunque

388 1702 424 1770 in
441 1696 564 1795 quibus
580 1699 800 1768 continentur
814 1719 943 1767 errores
958 1698 1083 1790 pariter
1100 1708 1134 1765 et
1151 1694 1311 1767 horrores
1328 1721 1367 1766 ae
1383 1694 1557 1767 blasfemie
1573 1699 1607 1765 in
1626 1698 1813 1768 Dominum

322 1880 325 1887 r
386 1820 527 1895 dhaem
554 1816 727 1891 Christum
756 1832 788 1889 et
810 1819 884 1913 ejus
907 1819 1152 1889 sanctissimam
1175 1821 1373 1914 genitricem
1398 1832 1431 1889 et
1455 1821 1639 1914 ignominie
1668 1821 1816 1891 nominis

387 1942 572 2023 christiani,
592 1939 636 2011 ad
650 1937 913 2011 conburendum
929 1937 1084 2021 eosdem,
1103 1952 1267 2034 tanquam
1285 1937 1447 2035 reprobos
1467 1954 1500 2010 et
1517 1939 1651 2010 dudum
1665 1965 1726 2035 per
1743 1967 1817 2010 sen·

387 2065 526 2135 tentiam
549 2060 680 2132 domini
702 2058 849 2142 Odonis,
872 2058 1049 2130 cardinalis
1071 2059 1170 2156 legati
1192 2063 1227 2129 in
1254 2061 1409 2140 Francia,
1432 2060 1710 2157 condempnatos.
1735 2060 1815 2132 ldeo

386 2211 447 2259 uos
463 2187 667 2282 requirimus
681 2207 744 2278 per
761 2194 932 2278 presentes
951 2181 1114 2278 vobisque
1137 2180 1354 2262 mandamus,
1375 2208 1413 2253 ex
1431 2198 1525 2278 parte
1546 2184 1666 2279 prefati
1684 2183 1815 2255 domiui

388 2310 493 2381 nostri
515 2309 601 2401 regis
615 2329 753 2377 necnon
768 2306 967 2379 auctoritate
983 2304 1182 2400 apostolica,
1202 2318 1236 2376 et
1254 2328 1450 2386 monemus,
1472 2305 1591 2387 semel,
1608 2305 1758 2377 seeundo
1775 2333 1814 2378 ac

387 2432 506 2507 tercio,
518 2426 583 2501 sub
599 2451 687 2522 pena
701 2427 1066 2501 excommunicacionis
1081 2451 1185 2521 quam
1201 2427 1237 2495 in
1251 2450 1327 2509 vos,
1344 2429 1405 2497 nisi
1421 2424 1565 2497 feceritis
1578 2441 1612 2497 et
1626 2427 1815 2523 complere

388 2553 459 2623 ritis
475 2548 570 2646 quod
591 2551 797 2646 requirimus
816 2551 852 2621 in
871 2547 935 2621 hac
952 2562 1063 2644 parts,
1090 2546 1229 2623 ferimus
1248 2552 1283 2619 in
1306 2547 1370 2619 hiis
1392 2552 1538 2644 scriptis,
1554 2553 1711 2647 quatinus
1728 2549 1814 2622 inira

318 2690 330 2708 ·
387 2676 513 2745 metans
525 2674 765 2769 carniprivium
778 2696 897 2743 omnes
911 2669 1015 2744 libros
1029 2672 1213 2767 omnisque
1223 2673 1347 2766 scripta
1360 2670 1381 2743 J
1383 2670 1566 2753 udeorum,
1579 2676 1665 2745 sieut
1679 2677 1814 2769 premit·

272 2822 277 2831 ·
386 2798 483 2876 titur,
499 2797 596 2892 juxta
615 2794 781 2865 tenorem
796 2807 829 2864 et
846 2792 994 2865 formam
1016 2792 1203 2865 litterarum
1225 2796 1411 2890 regiarum,
1435 2793 1533 2865 nobis
1555 2795 1758 2891 integraliter
1777 2821 1815 2866 ac
1935 2782 1945 2793 ’

387 2914 531 2988 fideliter
544 2914 701 2987 exibeatis
716 2930 750 2988 et
763 2916 897 3012 plenius
914 2914 1095 2987 ostendatis
1109 2941 1168 2986 seu
1182 2915 1306 2987 exiberi
1324 2930 1357 2988 et
1373 2917 1505 2988 ostendi
1519 2917 1653 3012 plenius
1672 2917 1812 3000 faciatis,

388 3054 426 3111 ut
439 3065 478 3111 ex
496 3042 543 3111 eis
559 3041 728 3134 possimus
742 3037 864 3133 eligere
881 3062 921 3110 ee
940 3040 1040 3108 etiam
1056 3062 1211 3133 separare
1233 3060 1320 3135 quos
1338 3050 1502 3135 tanquam
1525 3040 1687 3135 reprobos
1709 3044 1818 3112 eonti-

387 3176 505 3233 nentes
525 3185 654 3233 errores
677 3174 710 3230 et
731 3158 919 3231 blasfemias
939 3162 1134 3231 noverimus
1159 3173 1192 3230 et
1215 3157 1258 3230 de
1279 3162 1471 3255 sapientum
1493 3160 1633 3232 consilio
1659 3161 1816 3233 deereve-

387 3285 493 3353 rimus
510 3280 771 3353 comburendos.
796 3279 901 3354 Vobis
922 3283 1075 3376 insuper,
1100 3279 1142 3352 de
1164 3283 1262 3378 cujus
1285 3280 1492 3353 discrecione
1514 3307 1553 3353 ac
1576 3282 1646 3353 zelo
1666 3281 1744 3354 srdei
1761 3282 1818 3354 lir-

387 3429 481 3475 mam
495 3401 655 3477 iidueiam
673 3403 882 3485 obtinemus,
895 3407 1141 3477 committimus
1156 3418 1189 3475 et
1206 3403 1409 3479 mandamus
1421 3408 1619 3481 auctoritate
1631 3405 1814 3502 apostolice

383 3551 426 3598 ac
447 3529 548 3599 etiam
569 3530 656 3623 regia
674 3530 847 3623 quatinus,
863 3550 925 3622 per
942 3552 1000 3599 vos
1016 3552 1077 3598 seu
1097 3551 1158 3622 per
1177 3525 1292 3598 fideles
1309 3551 1348 3598 ae
1361 3528 1492 3624 juratos
1509 3542 1651 3609 vestros,
1671 3554 1758 3625 quos
1774 3528 1817 3601 ad

386 3646 453 3721 boe
467 3647 626 3720 duxeritis
643 3646 874 3744 deputandos,
890 3646 1016 3720 faciatis
1026 3651 1176 3745 perquiri
1190 3647 1297 3719 dictos
1310 3648 1413 3721 libros
1422 3675 1481 3721 seu
1493 3653 1614 3746 scripta
1627 3649 1816 3722 iudeorum

384 3773 422 3843 in
443 3770 526 3842 iocis
548 3769 648 3842 vobis
677 3773 714 3841 in
738 3769 802 3843 bae
826 3784 922 3866 parte
948 3769 1122 3866 subjectis,
1152 3784 1185 3842 et
1205 3768 1401 3868 ubicunqne
1424 3785 1458 3842 et
1480 3771 1571 3867 apud
1595 3797 1817 3870 quoscunque

386 3891 490 3989 aliqui
502 3895 629 3966 inventi
646 3890 788 3975 suerint,
802 3895 937 3989 capiatis
953 3917 1012 3964 seu
1027 3895 1102 3989 capi
1121 3890 1248 3964 faciatis
1265 3892 1419 3974 eosdem,
1431 3893 1544 3978 nubis,
1558 3909 1596 3965 ut
1611 3899 1814 3990 premissum

386 4028 450 4095 est,
471 4011 665 4089 exibendos.
685 4015 825 4087 Litteras
843 4039 982 4113 quoque
1002 4028 1132 4087 nostras
1151 4014 1232 4087 alins
1246 4015 1433 4110 generales,
1456 4020 1816 4091 excommunicacionis

386 4118 592 4207 sentenciam
607 4141 818 4209 continentes
832 4150 950 4210 contra
967 4162 1190 4234 quoscunque
1200 4135 1391 4209 detentores
1405 4137 1640 4233 predictorum
1650 4137 1816 4211 librorum

387 4268 421 4327 et
438 4256 661 4329 oocuttstores
678 4284 718 4329 ac
740 4259 900 4333 celatores
917 4286 1053 4342 eorum,
1077 4284 1214 4331 necnon
1235 4274 1352 4331 contra
1368 4259 1587 4355 impedituros
1607 4273 1640 4331 et
1660 4259 1813 4339 rebelles,

387 4374 552 4472 publicari
567 4376 692 4450 faciatis
705 4405 767 4475 per
780 4394 925 4453 rectores
936 4382 1169 4464 eeclesiarum,
1189 4381 1271 4454 locis
1287 4396 1320 4455 et
1337 4385 1490 4479 personis
1505 4384 1540 4455 in
1555 4380 1816 4479 quibuscunque

261 4494 267 4506 ’
386 4498 538 4595 partibus
559 4500 655 4575 robis
677 4501 731 4574 vet
750 4502 918 4597 deputatis
948 4528 1010 4598 per
1030 4529 1091 4577 vos
1118 4507 1153 4577 in
1178 4504 1242 4578 hac
1267 4519 1361 4601 parte
1384 4507 1495 4579 visum
1523 4502 1623 4577 inerit
1647 4502 1815 4599 expedire.

386 4620 590 4695 Mandamus
608 4625 747 4721 insuper
763 4627 959 4699 auctoritate
979 4624 1163 4719 apostolice
1182 4641 1216 4701 et
1234 4652 1416 4701 monemus
1434 4625 1497 4698 snb
1515 4652 1604 4727 pena
1623 4651 1816 4699 exeommu-

387 4747 563 4817 nicationis
587 4771 706 4817 omnes
729 4760 762 4817 et
787 4746 936 4844 singulos
965 4760 1113 4818 rectores
1141 4747 1373 4828 ecelesiarum,
1401 4774 1487 4846 quos
1513 4747 1567 4819 vel
1592 4773 1714 4819 eorum
1742 4748 1815 4819 loca

387 4879 537 4939 tenentes
551 4893 611 4939 vos
628 4868 679 4940 vel
697 4868 847 4965 deputati
864 4868 991 4941 avobis
1006 4868 1165 4941 duxeritis
1180 4870 1417 4967 requirendos,
1432 4869 1692 4968 superpredicta
1704 4868 1815 4966 publi·
