4928 6382
834 528 944 615 Ι)Εὸ
975 524 1368 614 Minusculos.
1731 526 1817 615 1123

392 712 569 808 gulorum;
591 721 754 805 poterunt
772 722 887 779 autem
910 705 1137 803 postmodum¹
1153 706 1299 777 aliorum
1316 705 1562 800 discipulorum
1579 703 1723 800 legende
1740 732 1820 779 con·
1857 722 2082 739 ·············
2203 687 2205 691 ’
2264 708 2269 717 ’

393 831 514 904 scribi¹
534 857 596 902 suo
610 830 731 903 ordine
750 833 787 899 in
807 830 930 901 eodem
947 828 1122 901 volumine
1140 826 1184 898 ab
1204 827 1270 898 illis
1292 830 1352 922 qui
1374 851 1494 897 corum
1516 840 1607 921 gesta
1630 831 1822 899 invenerint
1949 826 1994 863 “⁵
2148 812 2156 823 ⁸

394 953 628 1053 gtbabuerint
653 950 867 1047 temporibus
895 953 1083 1047 oportunis.
1112 991 1164 1002 -
1190 950 1235 1021 Et
1262 949 1326 1020 bec
1356 962 1405 1019 est
1430 951 1645 1019 continencia
1674 949 1821 1021 secunde
1894 920 2050 1053 ΜΞΝ

395 1079 497 1171 partis
523 1101 591 1170 que
619 1098 701 1145 cum
723 1076 833 1167 prima
859 1086 955 1167 parte
982 1074 1017 1141 in
1049 1096 1120 1141 uno
1151 1070 1344 1165 eodemque
1374 1068 1552 1141 volumine
1579 1070 1822 1140 convenienter
1879 1110 1997 1148 sanans
2012 1108 2064 1144 aar.

396 1199 520 1291 poterit
537 1196 713 1265 contineri.
1202 1260 1217 1278 ,
1698 1176 1703 1187 ¹

447 1317 487 1387 ln
505 1318 608 1387 tercia
619 1340 701 1386 vero
716 1327 812 1409 parte
827 1313 965 1408 Speculi
979 1313 1174 1385 sanctoralis
1192 1310 1596 1405 conscribunturagcnes
1613 1324 1646 1380 et
1659 1310 1823 1406 triumphi

396 1464 436 1507 ac
461 1461 587 1508 corone
611 1438 793 1505 martirum
821 1449 1008 1529 purpurata
1031 1437 1208 1529 utriusque
1232 1457 1350 1511 sexus,
1377 1435 1609 1527 cujuscunque
1637 1431 1764 1502 ordinis
1791 1446 1823 1502 et

398 1562 509 1640 etatis,
536 1555 734 1652 incipiendo
758 1554 1058 1650 aprotbomartire
1075 1554 1250 1650 Stephano
1270 1566 1302 1623 et
1318 1552 1420 1625 levita
1439 1567 1472 1623 et
1495 1557 1616 1623 sanetis
1632 1557 1822 1623 innocenti·

397 1679 477 1758 bus,
500 1676 739 1773 prosequendo
758 1676 801 1747 de
824 1677 896 1747 aliis
920 1699 961 1747 eo
984 1677 1104 1748 ordine
1127 1701 1197 1772 quo
1220 1678 1256 1745 in
1278 1673 1480 1745 kalendariis
1503 1700 1563 1744 seu
1585 1675 1823 1769 martirologiis

399 1798 471 1870 dies
485 1798 698 1893 singulorum
716 1798 863 1867 natalicii
879 1822 942 1892 per
957 1801 1037 1868 anni
1052 1796 1220 1871 circulum
1237 1810 1317 1867 sunt
1334 1799 1451 1865 notati.
1469 1836 1522 1847 -
1540 1795 1583 1864 Et
1600 1795 1665 1866 bec
1680 1809 1729 1864 est
1744 1818 1824 1869 cou-

400 1923 545 1991 tinencia
573 1921 676 1989 tercie
707 1921 825 2013 partis,
857 1945 925 2014 que
955 1933 1095 2014 propter
1123 1922 1174 1988 sui
1202 1916 1474 2012 magnitudinem
1502 1942 1541 1987 ac
1568 1915 1825 1987 multitudinem

400 2045 578 2111 martirum
595 2039 760 2110 habeatur
777 2043 813 2108 in
831 2065 901 2109 uno
920 2039 1094 2109 volumine
1108 2052 1262 2134 separato
1273 2041 1298 2108 ².
1917 2016 1921 2025 ’

452 2162 492 2231 In
511 2174 629 2257 quarta
648 2173 760 2230 autem
779 2175 812 2230 et
828 2159 947 2230 ultima
963 2174 1059 2254 parte
1076 2159 1212 2254 Speculi
1236 2158 1431 2229 sanctoralis
1450 2156 1692 2228 describuntur
1705 2162 1773 2230 vite
1789 2185 1827 2228 ac

401 2282 544 2378 legende
568 2295 764 2352 sanctorum
788 2279 1022 2351 consessorum
1047 2294 1080 2350 et
1100 2282 1272 2376 uirginum
1296 2282 1472 2374 utriusque
1495 2305 1606 2361 sexus,
1633 2279 1827 2374 incipiendo

403 2431 421 2474 a
444 2404 544 2473 beato
562 2402 738 2482 Silvestr0,
758 2399 951 2473 consessore
974 2414 1076 2496 atque
1099 2425 1236 2471 summo
1261 2397 1438 2494 pontifice,
1466 2413 1500 2468 et
1521 2400 1761 2496 prosequendo
1785 2399 1827 2471 de

402 2525 540 2620 reliquis
568 2549 609 2596 eo
639 2523 759 2595 ordine
778 2548 848 2620 quo
866 2548 927 2619 per
951 2526 1031 2594 anni
1049 2524 1216 2595 circrdum
1241 2525 1427 2595 occurrerit
1448 2525 1716 2618 uniuscujusque
1741 2525 1829 2616 ipso·

404 2671 482 2717 rum
498 2644 577 2715 lelix
592 2648 750 2715 transitus
765 2644 808 2716 de
823 2645 892 2716 boc
912 2644 1044 2716 mundo
1062 2671 1120 2715 seu
1141 2644 1261 2715 natalis
1276 2644 1348 2715 dies
1367 2647 1409 2713 in
1421 2642 1621 2714 kalendariis
1638 2657 1826 2714 annotatus.

403 2766 476 2838 llec
495 2780 609 2837 autem
625 2792 702 2863 pars
722 2767 839 2838 ultima
864 2792 1017 2838 excausa
1037 2766 1206 2837 consimili
1220 2765 1386 2836 habeatur
1403 2768 1438 2835 in
1455 2791 1527 2837 uno
1541 2766 1717 2836 volumine
1736 2790 1827 2860 sepa·

404 2889 512 2959 rato³.

456 3009 504 3078 Ea
521 3012 623 3105 igitur
639 3012 836 3080 neccessitas
858 3007 983 3079 laboris
1000 3012 1037 3077 in
1054 3009 1202 3103 presenti
1225 3031 1328 3100 opere
1342 3006 1407 3079 fuit
1424 3009 1588 3103 quoniam
1608 3011 1643 3078 in
1656 3008 1830 3079 modernis

404 3128 703 3225 compilationibus
727 3129 870 3224 legende
897 3144 1092 3200 sanctorum
1117 3115 1249 3199 veteres¹
1279 3154 1463 3223 rerumque
1489 3142 1658 3222 gestarum
1682 3128 1829 3224 hystorie

405 3276 466 3346 per
480 3254 569 3344 ipsos
592 3250 848 3344 compilatores,
869 3250 1024 3351 brevitati
1042 3226 1231 3332 studentes,
1251 3253 1299 3321 sic
1320 3252 1355 3319 in
1373 3249 1545 3345 plerisque
1568 3249 1678 3320 decise
1697 3264 1776 3319 sunt
1792 3263 1830 3318 ut

404 3371 560 3445 rideatur
576 3396 653 3465 pars
672 3396 742 3441 non
761 3371 898 3442 modica
913 3370 1128 3455 detruncata,
1147 3375 1230 3441 item
1251 3371 1294 3442 de
1311 3370 1465 3466 pluribus
1482 3374 1605 3442 sanctis
1622 3371 1715 3441 nulla
1733 3396 1828 3466 pror·

405 3518 460 3564 sus
478 3492 624 3563 babetur
641 3496 776 3563 mencio
796 3496 831 3564 in
850 3492 980 3565 eisdem
997 3493 1041 3565 de
1060 3492 1188 3590 quibus
1208 3496 1318 3588 agitur
1335 3494 1370 3563 in
1389 3496 1553 3588 presenti,
1575 3493 1669 3590 quod
1689 3492 1831 3588 diligens

407 3615 516 3686 lector
535 3614 806 3685 animadvertere
824 3619 949 3710 poterit
971 3630 1005 3700 et
1020 3615 1136 3688 videre
1160 3615 1297 3696 clarius,
1321 3615 1521 3711 hujusmodi
1542 3615 1728 3711 Speculum
1750 3640 1830 3686 cum

406 3737 471 3807 illia
489 3736 532 3807 ad
551 3740 700 3807 invicem
715 3712 946 3808 conserendo..
957 3738 1084 3833 Inpulit
1107 3762 1247 3834 quoque
1270 3762 1327 3807 me
1350 3737 1393 3807 ad
1411 3736 1477 3808 boc
1498 3740 1610 3833 ipsum
1633 3736 1831 3808 obediencie

406 3859 570 3929 meritum
601 3872 635 3928 et
664 3861 816 3929 astrinxit
844 3863 1024 3931 auctoritas
1053 3861 1235 3955 superioris
1261 3862 1329 3929 mei
1361 3858 1498 3953 prelati,
1526 3861 1675 3954 magistri
1705 3858 1832 3929 ordinis

446 4110 453 4139 ¹
473 4106 614 4169 subscribi,
637 4112 671 4161 ι’·
688 4109 770 4181 partie
785 4108 822 4163 du
838 4127 888 4164 ms.
906 4110 942 4168 ot
965 4108 998 4162 de
1017 4109 1083 4163 Tou·

408 4198 488 4253 lousa.

444 4295 454 4325 ²
473 4292 539 4346 «Vel
553 4293 630 4346 etiam
643 4293 665 4346 si
677 4294 736 4366 quis
745 4294 773 4345 in
785 4313 838 4348 uno
848 4295 978 4348 volumine
989 4296 1083 4350 babere

408 4383 527 4446 voluerit,
540 4388 635 4459 poterit
649 4396 758 4459 utraque
776 4404 836 4461 pars
855 4388 883 4439 in
903 4388 995 4440 eodem
1014 4387 1083 4442 solu·

409 4478 652 4532 misenantium.»
673 4478 792 4533 Addition
813 4479 953 4550 marginal:
977 4479 1040 4534 daus
1059 4479 1083 4533 la

396 4564 445 4624 '1¹¹
460 4571 542 4644 partie
559 4571 596 4625 du
610 4591 658 4626 ms.
676 4572 710 4631 ot
729 4570 763 4625 de
777 4571 913 4626 Toulouse.
935 4602 972 4613 -
989 4572 1024 4626 La
1043 4590 1084 4626 se-

409 4663 490 4719 conde
508 4666 589 4738 partie
606 4665 643 4719 du
663 4668 749 4719 meme
769 4665 911 4720 manuscrit
934 4683 1001 4719 nous
1021 4662 1084 4718 offra

409 4768 474 4813 cette
489 4757 649 4813 observation
665 4756 892 4832 compldmentaire
911 4759 999 4832 passio
1020 4757 1084 4813 dans

410 4850 435 4906 le
454 4862 518 4905 tite
536 4873 541 4903 :
559 4853 623 4908 «Vel
647 4852 724 4906 etiam
748 4852 841 4925 poterit
862 4870 924 4907 cum
948 4862 1039 4926 quarta
1060 4863 1084 4906 et

1157 4107 1250 4162 uiuum
1265 4109 1377 4181 partein
1393 4127 1446 4163 uno
1461 4119 1486 4162 et
1501 4107 1591 4162 eodem
1607 4108 1739 4162 volumine
1750 4107 1832 4161 conti·

1158 4202 1241 4256 neri-r

1194 4296 1204 4325 ³
1225 4293 1287 4348 .vet
1302 4294 1379 4347 etiarn
1390 4294 1410 4347 si
1424 4295 1482 4368 quis
1493 4296 1521 4346 in
1537 4313 1588 4347 nno
1599 4293 1728 4348 volumine
1737 4293 1832 4346 babere

1159 4386 1280 4447 voluerit,
1295 4388 1387 4460 poterit
1407 4398 1514 4460 utraque
1533 4405 1592 4461 pars
1611 4386 1639 4439 in
1654 4386 1746 4440 eodem
1761 4386 1832 4439 volu·

1159 4481 1230 4534 mine
1249 4479 1401 4534 cantuum·
1420 4479 1540 4534 addition
1560 4479 1701 4553 marginsle
1723 4479 1787 4534 daus
1809 4478 1833 4533 la

1163 4576 1197 4626 ι’·
1208 4573 1290 4645 partie
1304 4573 1340 4627 du
1355 4592 1403 4627 ms.
1418 4575 1451 4633 tt
1468 4573 1500 4626 da
1515 4573 1652 4628 Toulouse.
1668 4574 1705 4628 Le
1720 4583 1785 4625 texte
1800 4573 1832 4625 de
1922 4641 1925 4646 Ι

1159 4663 1183 4718 la
1200 4666 1308 4719 suenda
1326 4666 1408 4739 partie
1425 4665 1461 4719 du
1478 4670 1564 4720 meme
1580 4666 1724 4721 manuscrit
1739 4676 1832 4740 porta:

1160 4757 1224 4812 rVel
1240 4759 1317 4813 etiam
1331 4760 1425 4832 poterit
1437 4778 1498 4814 cum
1516 4761 1594 4816 tercia
1609 4762 1723 4835 partein
1740 4779 1795 4814 uno
1810 4770 1834 4812 et

1160 4850 1252 4907 οοάοω
1265 4851 1397 4908 volumine
1409 4854 1563 4909 conuneri.»
