4928 6382
803 504 912 589 uss
949 486 1339 593 quuscrurs'.
1653 630 1659 643 ι
1695 515 1779 598 ur

412 683 598 757 Sciendum
617 708 696 754 vero
719 697 768 753 est
789 682 884 780 quod
900 688 935 754 in
954 684 1104 780 predicta
1122 685 1253 780 postilla
1275 711 1378 781 super
1399 686 1640 783 Apocalipsim‚
1663 696 1783 761 exami-

360 820 436 875 nata
455 806 632 901 diligenter
646 832 709 901 per
723 819 799 876 octo
818 809 993 900 magistros
1008 810 1043 876 in
1060 806 1245 901 theologia,
1265 807 1356 902 apud
1371 808 1589 891 Avinionem‚
1611 810 1674 881 sub
1691 839 1781 884 anno

360 926 501 997 Domini
522 952 701 1008 ucccxrx,
723 930 941 996 inveniuntur
963 930 1129 997 contineri
1152 928 1387 1022 quamplures
1412 929 1540 1000 articuli
1562 935 1620 1025 qui
1637 931 1780 1028 judicati
1855 904 2011 1034 wlff„

359 1063 438 1118 sunt
461 1073 529 1119 esse
550 1048 687 1119 heretici
710 1073 771 1142 per
793 1046 948 1128 eosdem,
976 1062 1008 1117 et
1030 1073 1133 1142 quam
1158 1050 1271 1141 plures
1296 1049 1351 1118 alii
1372 1053 1583 1121 continentes
1605 1052 1779 1123 salsitatem
1839 1090 1956 1128 essexae
1970 1091 2024 1129 aer.

358 1184 416 1240 aut
442 1194 590 1239 errorem
614 1167 862 1239 intolerabilem
889 1183 947 1237 aut
970 1171 1215 1248 temeritatem,
1245 1185 1301 1239 aut
1330 1168 1570 1241 divinationem
1594 1172 1635 1243 de
1661 1172 1780 1243 iuturis

358 1295 539 1371 incertam,
561 1317 731 1387 suumque
745 1272 980 1386 judicium-de
997 1289 1155 1384 predictis
1173 1289 1347 1361 redactum
1370 1295 1405 1360 in
1424 1296 1553 1386 scriptis
1574 1294 1686 1388 sigillis
1703 1320 1780 1390 pro-

357 1417 437 1507 priis
453 1438 531 1482 cum
548 1416 772 1483 instrumento
786 1410 923 1506 publico
940 1413 1173 1492 muniverunt,
1194 1416 1298 1507 etqui
1315 1412 1399 1483 vidit
1417 1427 1450 1482 et
1464 1415 1604 1509 perlegit
1622 1441 1661 1485 ac
1672 1421 1779 1486 tenuit

357 1533 411 1604 hic
428 1538 659 1606 testimonium
675 1532 829 1629 perhibet
844 1536 982 1604 veritati.

416 1710 476 1729 ...
506 1657 650 1751 Bequini
672 1659 785 1752 itaque
808 1655 951 1751 predicti
971 1654 1159 1726 habitantes
1180 1661 1215 1725 in
1236 1657 1322 1726 villis
1345 1673 1377 1727 et
1399 1661 1512 1728 castris
1532 1657 1659 1729 habent
1681 1686 1779 1771 man-

355 1779 523 1847 siunculas
541 1781 576 1846 in
591 1777 715 1873 quibus
734 1777 837 1873 aliqui
855 1776 955 1845 simul
977 1777 1185 1857 cohabitant,
1208 1793 1240 1848 et
1258 1805 1312 1848 eas
1334 1778 1479 1873 apellant
1497 1779 1617 1851 domos
1633 1806 1781 1876 paupers

233 1938 241 1951 ·
354 1902 443 1979 tatis,
467 1899 524 1968 tali
546 1925 607 1969 suo
629 1898 793 1969 vocabulo
819 1902 954 1980 usitato,
982 1898 1162 1995 inquibus
1185 1898 1345 1970 domibus
1367 1914 1436 1970 tam
1463 1904 1525 1995 ipsi
1548 1900 1778 1971 cohabitantes

354 2044 457 2113 quam
474 2022 575 2089 etiam
591 2019 645 2089 alii
659 2022 718 2114 qui
737 2022 892 2113 privatim
908 2022 942 2088 in
959 2017 1118 2089 domibus
1133 2022 1199 2090 suis
1212 2035 1351 2090 manent
1368 2046 1472 2116 quam
1486 2025 1585 2090 etiam
1599 2021 1778 2093 familiares

353 2154 387 2209 et
404 2143 502 2210 amici
521 2139 749 2235 bequinorum
770 2142 804 2208 in
827 2139 945 2208 diebus
968 2138 1057 2209 lestis
1077 2153 1110 2208 et
1130 2143 1164 2207 in
1187 2138 1366 2210 dominicis
1383 2144 1494 2235 sepius
1517 2146 1725 2217 conveniunt
1742 2148 1776 2211 in

352 2286 479 2341 unum,
496 2275 529 2330 et
543 2260 590 2329 ibi
603 2261 718 2354 legunt
730 2275 787 2330 aut
801 2260 864 2353 legi
879 2259 1022 2330 audiunt
1036 2263 1070 2328 in
1085 2259 1212 2355 vulgari
1228 2260 1270 2329 de
1284 2259 1443 2355 predictis
1461 2261 1582 2331 libellis
1599 2278 1656 2333 aut
1671 2289 1776 2357 opus-

352 2383 452 2461 culis,
477 2408 516 2451 ex
538 2380 660 2476 qixibus
685 2394 830 2476 suggunt
851 2406 1037 2461 venenum,
1065 2385 1218 2476 quamvis
1241 2384 1342 2451 etiarn
1364 2382 1511 2478 quedam
1537 2383 1597 2452 alia
1624 2384 1776 2479 legantur

352 2501 478 2573 ibidem
501 2502 544 2573 de
567 2506 732 2598 preceptis
755 2517 788 2572 et
811 2502 853 2573 de
879 2502 1024 2572 articulis
1048 2501 1128 2573 lidei
1156 2517 1187 2571 et
1215 2502 1256 2572 de
1280 2503 1427 2598 legendis
1454 2519 1648 2574 sanctorum
1674 2520 1706 2574 et
1733 2505 1775 2576 de

350 2651 483 2696 summa
501 2624 543 2694 de
562 2628 654 2695 viciis
673 2639 705 2694 et
723 2624 918 2705 nautibus,
936 2638 974 2693 ut
993 2627 1039 2693 sic
1058 2624 1147 2693 scola
1162 2622 1296 2719 dyaboli
1317 2624 1379 2694 sub
1397 2628 1506 2719 specie
1523 2625 1605 2695 boni
1624 2627 1775 2698 videatur

349 2748 476 2817 scolam
490 2746 629 2827 Christi,
649 2772 745 2817 more
760 2750 880 2843 symie,
901 2749 936 2815 in
953 2747 1067 2841 aliquo
1083 2749 1222 2827 imitari,
1240 2772 1320 2816 cum
1335 2761 1492 2842 precepta
1513 2748 1574 2817 Dei
1594 2763 1627 2818 et
1645 2750 1774 2819 articuli

350 2868 427 2938 lidei
445 2874 478 2938 in
495 2883 606 2938 sancta
625 2869 762 2938 ecclesia
777 2894 838 2962 per
850 2883 996 2937 rectores
1015 2882 1048 2936 et
1067 2880 1215 2961 pastores
1233 2868 1369 2937 ecclesie
1386 2883 1418 2937 et
1435 2868 1590 2939 doctores
1608 2895 1645 2938 ac
1661 2871 1775 2965 predi-

350 3005 478 3060 catores
495 2989 589 3061 verbi
614 2988 690 3071 Dei,
717 3015 785 3058 non
806 3015 868 3083 per
889 2989 1000 3084 laycos
1020 2988 1205 3082 simplices,
1231 2987 1368 3082 publice
1387 3003 1420 3058 et
1443 3014 1512 3058 non
1537 2994 1570 3058 iu
1592 2991 1771 3071 clavicul0,

348 3112 513 3206 predicari
531 3109 677 3181 debeant
694 3124 726 3180 et
745 3114 878 3206 exponi.

399 3232 596 3302 Notandum
614 3257 752 3328 quoque
772 3245 821 3302 est
838 3230 932 3327 quod
951 3236 1040 3301 inter
1057 3257 1113 3302 eos
1130 3245 1209 3301 sunt
1226 3233 1331 3328 aliqui
1347 3237 1406 3328 qui
1421 3231 1557 3327 publice
1576 3234 1772 3303 mendicant

346 3353 533 3433 hostiatim,
553 3356 649 3448 quia,
668 3366 707 3421 ut
724 3351 857 3433 dicum,
877 3367 1044 3424 voverunt
1066 3353 1291 3447 evangelicam
1310 3366 1556 3448 paupertatem.
1571 3353 1659 3423 Sunt
1670 3369 1702 3423 et
1715 3353 1771 3423 alii

345 3479 405 3570 qui
422 3500 491 3543 non
509 3473 705 3543 mendicant
722 3473 876 3568 publice,
893 3472 952 3543 sed
968 3473 1079 3569 aliqua
1097 3477 1165 3543 suis
1182 3474 1339 3544 manibus
1355 3487 1538 3568 operantur
1551 3488 1584 3543 et
1596 3473 1772 3544 lucrantur

346 3611 378 3666 et
401 3621 586 3691 pauperem
611 3599 714 3666 vitam
741 3594 882 3666 ducunt.
908 3596 1134 3666 Suntautem
1162 3596 1303 3692 quidam
1332 3621 1370 3666 ex
1396 3598 1442 3665 eis
1468 3598 1645 3691 utriusque
1676 3621 1771 3665 sexus

345 3718 580 3813 simpliciores,
600 3722 660 3813 qui
680 3717 838 3789 articulos
856 3743 915 3787 seu
933 3743 1063 3788 errores
1084 3717 1169 3787 iufra
1190 3720 1331 3813 scriptos
1348 3717 1500 3812 explicite
1519 3720 1688 3797 nesciunt,
1711 3717 1771 3788 sed

344 3843 519 3931 ignorant;
546 3852 804 3933 verumptamen
832 3838 990 3909 nonnulli
1019 3866 1058 3909 ex
1081 3842 1160 3934 ipsis
1185 3842 1414 3909 communiter
1441 3837 1584 3908 credunt
1616 3839 1769 3932 explicite

343 3961 438 4054 quod
456 3960 519 4030 luit
536 3960 687 4031 indebita
709 3974 742 4030 et
763 3962 884 4054 injusta
907 3959 1172 4054 condempnatio
1190 3960 1437 4055 bequinorum,
1460 3984 1527 4054 que
1548 3957 1610 4028 luit
1629 3957 1714 4029 sacta
1734 3963 1768 4028 in

343 4081 496 4174 pluribus
523 4082 605 4151 locis
633 4086 669 4151 in
694 4084 867 4176 provincia
891 4080 1121 4163 Narbonensi,
1150 4081 1309 4153 videlicet
1339 4079 1497 4151 Narbone
1524 4094 1557 4150 et
1586 4084 1620 4149 in
1651 4080 1767 4174 Capite

343 4202 468 4297 Stagna
487 4217 521 4273 et
539 4202 689 4272 Bitterris
705 4216 737 4272 et
753 4202 842 4298 apud
858 4202 1032 4274 Lodovam
1051 4206 1131 4272 etin
1148 4202 1282 4299 dyocesi
1298 4201 1478 4295 Agathensi
1493 4214 1526 4269 et
1538 4199 1630 4295 apud
1644 4201 1768 4271 Lunel-

342 4322 415 4391 lum
434 4322 586 4417 dyocesis
605 4322 852 4417 Magalonensis
876 4338 907 4392 et
931 4327 964 4393 in
988 4323 1133 4394 Massilia
1157 4328 1246 4394 etin
1276 4321 1492 4401 Cathalonia‚
1519 4346 1580 4416 per
1594 4320 1765 4415 judicium

341 4443 550 4538 prelatorum
565 4458 597 4513 et
613 4446 854 4539 inquisitorum
869 4444 1016 4514 heretice
1030 4449 1215 4539 pravitatis,
1233 4444 1275 4514 ab
1289 4468 1380 4514 anno
1393 4442 1533 4514 Domini
1553 4452 1667 4513 u⁰ccc⁰
1677 4454 1766 4513 xvru⁰

341 4568 438 4645 citra,
457 4579 490 4634 ct
507 4568 596 4660 ipsos
611 4563 879 4659 condempnatos
898 4578 1059 4660 tanquam
1077 4565 1244 4636 hereticos
1262 4580 1420 4660 reputant
1432 4567 1542 4659 justos
1560 4577 1594 4634 et
1606 4563 1726 4633 bonos.

400 4740 462 4759 ...
486 4686 630 4782 bequini
653 4684 850 4780 hujusmodi
868 4686 1017 4781 quedam
1040 4686 1194 4781 specialia
1213 4684 1393 4757 observant
1415 4699 1448 4756 et
1470 4684 1598 4756 habent
1622 4688 1765 4755 exterius

341 4810 375 4875 in
390 4807 495 4877 modo
510 4807 731 4878 conversandi
750 4834 788 4877 ex
809 4806 934 4903 quibus
952 4822 1094 4902 possunt
1110 4806 1255 4878 discerni
1274 4833 1293 4877 a
1314 4810 1432 4878 ceteris
1448 4820 1517 4876 tam
1536 4809 1570 4876 in
1589 4805 1764 4901 loquendo

470 4971 557 5019 rous
575 4973 676 5029 xxvii,
697 4957 729 5018 a·
747 4949 864 5044 partie.
1585 4945 1631 5018 53
