4928 6382
849 511 1382 601 ossnlvuscnvrs.
1528 491 1534 503 ’
1739 512 1824 601 se1
1909 439 1913 447 ’

401 693 548 769 rotunde
564 692 686 790 figure,
706 693 742 762 in
756 692 854 788 cujus
867 689 983 764 medio
998 704 1069 764 erat
1082 690 1196 787 Agnvrs
1211 691 1275 763 Dei
1292 716 1374 764 cum
1392 715 1509 774 cruce,
1528 695 1613 763 sicut
1633 694 1727 788 pingi
1745 692 1831 764 solet

400 830 477 889 ante
492 828 647 901 sanctum
662 812 857 886 iohannem
872 813 1068 909 Baptistam.
1082 812 1152 885 Sed
1166 813 1274 885 littere
1288 813 1385 911 sigilli
1397 838 1468 885 non
1483 825 1640 908 poterant
1653 812 1739 884 bene
1753 813 1828 913 legi.

401 936 515 1010 Habui
532 950 648 1009 autern
661 950 695 1007 et
708 938 802 1007 tenui
813 935 973 1031 originale
983 937 1086 1031 ipsius
1100 935 1225 1017 littere,
1238 961 1335 1033 aqua
1345 937 1466 1007 extraxi
1474 990 1482 1017 ‚
1495 938 1530 1006 in
1542 935 1653 1033 vigilia
1663 934 1829 1009 Omnium

400 1058 603 1133 Sanctorum
613 1057 777 1141 Tholose,
794 1078 884 1129 anno
902 1057 1045 1129 Domini
1065 1064 1232 1130 u⁰ccc⁰v⁰.

1085 1263 1139 1336 IV

400 1419 542 1489 vadarca
560 1439 602 1487 nn
627 1436 807 1489 unumne
832 1438 891 1486 ons
917 1436 1051 1487 corrues
1075 1437 1289 1487 raovrucreur
1312 1438 1351 1486 nr
1374 1438 1431 1487 oss
1448 1439 1582 1488 rnrnons
1605 1440 1831 1489 couvertures

453 1563 493 1610 oa
513 1561 649 1611 nonnae
672 1561 731 1610 nas
754 1545 963 1609 noriruvcrnvs
987 1558 1070 1610 orus
1090 1560 1148 1610 ms
1173 1559 1351 1609 rnovrrvcrs
1369 1561 1412 1609 nr
1431 1561 1599 1612 rnovmcn
1626 1563 1666 1609 nr
1689 1561 1730 1609 oa
1752 1562 1830 1610 rou-

453 1662 586 1732 nosset

334 1763 338 1769 ’
1064 1760 1170 1835 (1³09.)

452 1910 552 1984 Anno
573 1912 715 1985 Domini
737 1921 774 1984 u⁰
787 1920 838 1984 co⁰
851 1922 916 1984 rrx⁰
929 1912 983 1987 vel
1003 1939 1043 1984 rr
1060 1916 1150 2009 oepit
1169 1911 1254 1985 ordo
1277 1911 1533 1985 predicatorum
1554 1912 1681 1984 babere
1700 1916 1832 2009 priores

401 2033 633 2130 provinciales.
653 2033 787 2107 Priores
804 2049 919 2106 autem
937 2034 1160 2131 provinciales
1176 2037 1212 2105 in
1230 2038 1404 2130 provincia
1424 2033 1600 2107 Provinoie
1619 2060 1691 2109 non
1709 2034 1829 2117 divisa,

401 2159 491 2227 etin
513 2159 688 2251 pmvinciu
709 2156 915 2239 Tholounta,
938 2182 982 2261 ao
1000 2160 1034 2228 in
1060 2159 1234 2252 provincia
1259 2155 1437 2229 Provincie
1454 2159 1529 2252 jam
1551 2155 1672 2238 divisa,
1701 2160 1831 2251 priores

400 2304 539 2376 quoque
552 2277 787 2349 conventuales
798 2277 991 2351 Tholosane
1002 2281 1189 2375 provincie,
1207 2303 1293 2375 quos
1306 2280 1403 2373 potui
1418 2281 1583 2374 reperire,
1599 2277 1737 2349 inferius
1748 2303 1831 2350 con·

402 2404 568 2473 tinentur.
581 2399 630 2471 Ea
647 2423 729 2472 vero
746 2426 813 2498 que
830 2399 955 2472 desunt
976 2399 1140 2496 suppleri,
1164 2413 1198 2470 et
1222 2403 1248 2470 si
1273 2426 1340 2497 qna
1362 2402 1477 2470 minus
1501 2398 1588 2470 bene
1610 2402 1718 2494 posita
1734 2415 1828 2481 sunt,

401 2518 573 2592 emendari
587 2536 748 2618 poterunt
761 2521 845 2593 locis
853 2524 921 2593 suis
934 2520 976 2593 ab
991 2521 1055 2592 hiis
1067 2524 1126 2618 qui
1141 2525 1295 2593 noverint
1308 2521 1441 2617 plenius
1451 2536 1484 2591 et
1496 2524 1625 2592 cercius
1637 2524 1828 2604 veritatem,

400 2647 560 2740 precipue
578 2647 666 2715 circa
687 2646 819 2739 priores
839 2658 1071 2716 conventuum
1092 2646 1329 2741 antiquorum,
1350 2644 1402 2715 vel
1423 2668 1443 2715 a
1464 2669 1520 2715 me
1544 2625 1764 2726 distancium,
1789 2642 1831 2715 de

397 2789 550 2860 quorum
567 2763 913 2861 aliquibus-nondum
937 2768 1035 2861 potui
1051 2765 1171 2862 plene,
1190 2768 1276 2837 sicut
1292 2764 1401 2847 volui,
1423 2767 1573 2836 invenire
1591 2764 1830 2836 certitudinem

399 2889 554 2974 veritatis.
572 2886 647 2958 Hoc
664 2899 777 2958 autem
797 2890 882 2958 scire
897 2902 930 2958 et
945 2890 981 2956 in
999 2888 1136 2983 singolis
1151 2886 1372 2958 conventibus
1389 2886 1513 2959 habere
1527 2913 1599 2959 noo
1617 2889 1679 2958 erit
1696 2887 1828 2968 inutile,

402 3007 462 3080 sed
482 3012 630 3104 inspecta
648 3012 787 3081 veritate
805 3013 840 3079 in
858 3010 974 3079 multis
992 3008 1172 3104 expediens
1190 3024 1222 3081 et
1240 3007 1418 3091 devotum,
1437 3024 1476 3080 ut
1492 3007 1551 3080 filii
1569 3012 1628 3105 qui
1651 3023 1832 3081 nascentur

400 3155 463 3225 pro
481 3129 632 3226 patribus
646 3145 680 3201 et
692 3144 857 3226 exurgent
874 3133 910 3200 in
926 3132 1015 3201 viros
1030 3128 1197 3226 perfectos
1211 3133 1247 3201 in
1260 3133 1432 3226 provincia
1447 3129 1638 3202 Tholosana
1653 3156 1724 3202 non
1738 3134 1830 3226 igno·

399 3266 476 3323 rent
492 3251 679 3346 primordia
690 3266 727 3323 et
743 3276 937 3348 progressus
948 3254 1000 3323 sui
1018 3266 1121 3323 status
1137 3277 1347 3349 suorumque
1362 3266 1594 3323 conventuum
1610 3266 1642 3322 et
1656 3251 1828 3334 locorum,

326 3356 337 3369 ’
400 3387 434 3444 et
450 3371 514 3443 sub
531 3371 655 3470 quibus
672 3373 859 3473 rectoribus
876 3387 909 3443 et
930 3373 1099 3469 prioribus
1118 3366 1353 3471 profecerim,
1371 3378 1525 3471 vivatque
1542 3377 1708 3446 memoria
1721 3376 1830 3470 justo·

399 3519 478 3567 rum
495 3520 576 3565 cum
592 3493 748 3567 laudibus
771 3499 807 3567 in
828 3497 940 3577 terris,
959 3498 1034 3592 qui,
1054 3495 1140 3568 dum
1157 3495 1212 3567 hic
1230 3498 1376 3567 viverent
1395 3499 1430 3567 in
1448 3496 1619 3578 Domino,
1636 3500 1740 3568 vitam
1757 3520 1830 3591 per-

399 3631 537 3712 petuam
555 3620 591 3686 in
609 3615 784 3689 celestibus
800 3631 1009 3690 meruerunt.
1026 3615 1173 3707 Quodsi
1192 3620 1281 3689 inter
1290 3622 1369 3689 istos
1384 3643 1479 3689 casus
1489 3618 1631 3715 alicujus
1646 3619 1832 3689 occurrerit

399 3740 496 3835 lnam
514 3738 557 3810 de
573 3738 786 3835 Angelorum
802 3738 979 3812 ordinibus
997 3739 1099 3837 aliqui
1117 3737 1341 3834 oeciderunt),
1362 3766 1433 3811 non
1451 3743 1493 3811 sit
1507 3744 1543 3811 in
1560 3739 1709 3836 lapidem
1727 3738 1833 3811 olleo·

399 3863 502 3933 sionis
520 3874 554 3931 et
574 3875 707 3957 petram
723 3859 885 3943 scandali,
902 3876 954 3933 set
976 3864 1137 3933 timorem
1159 3865 1277 3957 pocius
1296 3876 1435 3957 generet
1454 3876 1487 3933 et
1509 3861 1689 3944 cautelam,
1708 3875 1747 3932 ut
1771 3863 1831 3958 qui

399 3995 462 4053 stat
475 3979 585 4054 videat
607 4007 651 4053 ne
668 3981 783 4063 cadat,
801 4007 864 4079 pro
876 3986 928 4055 sui
948 3986 1201 4057 conservatione
1217 3986 1342 4079 gracias
1359 4006 1461 4077 agens
1478 3982 1521 4053 de
1537 3986 1699 4078 preterito
1718 3996 1751 4052 et
1766 3979 1830 4052 sibi

399 4126 582 4197 precavens
598 4102 811 4175 infuturum.

450 4221 539 4293 Sunt
550 4227 659 4294 eciam
676 4225 841 4297 nonnulla
858 4241 976 4298 eterna
986 4231 1151 4299 memoria
1164 4226 1279 4323 digna,
1298 4252 1379 4323 que,
1392 4225 1487 4297 nullo
1506 4224 1642 4296 illorum
1657 4228 1714 4320 qvi
1725 4225 1830 4294 scive-

399 4357 479 4415 runt
491 4348 682 4439 superstite,
695 4347 856 4445 nullaque
870 4351 1036 4445 scriptura
1053 4363 1150 4429 teste,
1164 4347 1337 4420 dabrmtur
1354 4346 1516 4420 oblivioni
1530 4359 1710 4443 perpetue,
1730 4370 1831 4416 cursu

399 4468 561 4561 temporis
577 4465 792 4562 prolabente,
812 4481 846 4540 et
865 4481 948 4541 tunc
969 4469 1090 4541 frustra
1111 4474 1197 4542 scire
1214 4469 1454 4542 desiderabunt
1472 4472 1596 4567 posteri
1618 4494 1699 4540 cum
1718 4468 1831 4541 nullus

399 4589 441 4657 sit
455 4589 513 4684 qui
532 4590 579 4658 eis
591 4587 698 4661 valeat
710 4614 877 4661 enarrare.

437 4764 444 4794 ¹
464 4761 513 4817 Ms·
530 4763 583 4835 ²7³
599 4761 633 4817 ds
644 4761 785 4826 vanarn,
799 4763 847 4821 lol.
859 4766 910 4830 sn
926 4782 976 4820 ms.
990 4766 1045 4836 780
1063 4764 1096 4821 de
1110 4763 1256 4826 llordeaos,
1272 4764 1315 4820 lol.
1331 4784 1379 4839 ²9³
1399 4783 1448 4821 ms.
1466 4768 1500 4823 55
1516 4765 1548 4821 de
1560 4764 1704 4827 Toulouse,
1719 4765 1764 4821 sol.
1782 4767 1830 4832 23,

399 4872 448 4909 mv.
459 4853 522 4909 latin
537 4856 625 4918 etse,
638 4875 665 4931 p.
686 4857 746 4914 108.

1960 811 2005 850 us

1903 905 2058 945 NARUSCRITS

1965 1000 1999 1038 DE

1888 1093 2006 1133 mutuo
2021 1094 2074 1132 GUI.
