4928 6382
795 514 905 600 DES
938 512 1330 600 MANUSCRITS.
1526 546 1531 554 ’
1686 512 1771 597 tlt)

349 695 549 793 sequacibus
566 697 647 775 suis,
667 692 824 765 videlicet
839 693 1007 789 postillam
1025 716 1126 788 super
1142 691 1383 788 llpocalipsim,
1400 707 1435 762 et
1451 692 1638 789 quemdam
1655 706 1773 763 nacta-

349 834 423 889 tum
449 842 594 914 parvum
621 814 663 886 de
686 828 903 910 paupertate,
932 829 965 885 at
993 814 1098 884 alium
1126 816 1203 885 satis
1232 838 1375 909 parvum
1402 812 1444 885 de
1473 815 1712 895 mendicitate,
1741 827 1774 883 et
1902 811 1947 847 ω

349 939 536 1038 quemdam
556 939 659 1008 alium
679 936 721 1009 de
741 951 870 1032 septem
888 935 1060 1032 spiritibus
1081 935 1251 1030 malignis,
1272 951 1305 1007 et
1322 934 1469 1032 quedam
1492 935 1555 1005 alia
1574 939 1770 1031 scriptitem,
1848 906 2004 1039 ”lxm

349 1086 416 1159 que
433 1066 547 1131 omnia
565 1060 656 1131 dieto
673 1057 766 1129 fiatri
784 1056 886 1128 Petro
902 1057 1068 1128 Johannis
1086 1060 1147 1152 ipsi
1165 1057 1338 1128 intitulant
1360 1072 1393 1128 et
1412 1057 1599 1139 ascribunt,
1618 1061 1687 1128 sire
1702 1062 1773 1153 ipse
1832 1096 1949 1134 sarsum
1962 1093 2016 1131 cor.

349 1181 466 1253 iecerit
478 1184 546 1253 sive
564 1181 684 1277 aliquis
701 1181 786 1250 alius
805 1206 843 1249 ex
857 1178 1010 1249 doctrina
1029 1194 1062 1249 et
1076 1179 1257 1249 traditione
1275 1182 1348 1274 ejus
1362 1204 1419 1250 eos
1434 1183 1677 1274 composuerit,
1694 1183 1773 1274 quia

350 1303 440 1374 idem
465 1306 598 1397 sapiunt
617 1315 650 1371 et
674 1305 708 1371 in
731 1299 853 1371 eodem
875 1301 1091 1370 consentiunt
1117 1298 1290 1394 dogmate,
1318 1299 1493 1395 dictosque
1514 1297 1619 1371 libros
1641 1304 1675 1370 in
1698 1301 1773 1370 vul-

349 1428 418 1520 gari
442 1425 559 1519 legunt
580 1421 739 1517 sibiipsis
760 1436 793 1491 et
815 1423 882 1492 suis
903 1420 1123 1491 familiaribus
1143 1435 1176 1491 et
1195 1423 1311 1492 amieis
1331 1423 1366 1490 in
1389 1423 1456 1490 suis
1478 1422 1723 1492 conventiculis
1742 1436 1775 1491 et

350 1548 383 1615 in
405 1549 472 1615 suis
492 1543 734 1614 mansiunculis
756 1569 839 1638 quas
861 1556 984 1612 vocant
1004 1542 1126 1612 domos
1146 1546 1351 1637 paupertatis
1371 1542 1428 1612 tali
1448 1542 1615 1614 vocabulo
1635 1546 1773 1621 usitato,

351 1681 384 1736 et
398 1666 584 1736 informant
599 1691 634 1735 se
650 1656 689 1736 et'
700 1664 783 1736 alios
800 1690 886 1760 quos
903 1677 1044 1759 possunt
1060 1690 1098 1733 ex
1117 1662 1270 1734 doctrina
1288 1662 1444 1758 pestifera
1463 1662 1627 1759 ejusdem.

401 1788 488 1858 ltem
513 1786 742 1882 dogmatizant
766 1786 860 1882 quod
886 1812 1005 1856 omnes
1034 1785 1214 1880 religiones
1243 1811 1302 1855 seu
1331 1785 1466 1855 ordines
1496 1783 1714 1855 destruentur
1740 1790 1774 1869 in

351 1912 590 2005 persecucionc
610 1907 811 1987 antichristi,
837 1922 976 2001 excepto
995 1905 1115 1978 ordine
1134 1909 1238 1975 sancti
1261 1905 1445 1987 Francisci,
1467 1931 1573 2001 quem
1591 1905 1778 2001 distingunt

350 2033 386 2100 in
401 2044 468 2100 tres
485 2044 610 2125 partes,
630 2054 775 2125 quarum
793 2054 899 2097 unam
918 2026 1036 2097 dicunt
1052 2038 1121 2097 etse
1140 2029 1421 2097 communitatem
1441 2026 1585 2108 ordinis,
1609 2043 1641 2097 et
1658 2053 1778 2098 seeun-

351 2149 430 2222 dam
454 2151 571 2222 dicunt
599 2176 668 2221 esse
697 2150 771 2220 illos
793 2153 852 2245 qui
878 2148 1035 2244 appellati
1056 2163 1135 2218 sunt
1159 2147 1342 2218 fratrisselli
1368 2152 1401 2217 in
1430 2148 1555 2227 Ytalia,
1581 2163 1614 2217 et
1638 2153 1778 2219 terciam

352 2271 469 2342 dicunt
488 2297 557 2342 esse
576 2286 645 2341 tam
664 2274 698 2340 in
716 2269 874 2341 iratribus
892 2294 978 2365 quos
994 2285 1117 2341 vocant
1138 2269 1325 2365 spirituales
1342 2267 1551 2341 servantibus
1569 2270 1776 2364 spiritualem

351 2397 534 2487 puritatem
549 2391 664 2487 regule
679 2395 784 2462 sancti
801 2392 969 2462 Francisci
985 2414 1089 2487 quam
1107 2394 1142 2460 in
1159 2390 1317 2461 iratribus
1332 2390 1374 2461 de
1392 2394 1497 2460 tercio
1513 2389 1634 2461 ordine
1650 2390 1776 2460 eisdem

351 2513 609 2593 adherentibus,
631 2528 663 2584 et
680 2516 790 2609 prime
813 2514 881 2583 due
905 2527 1031 2608 partes,
1050 2528 1090 2582 ut
1109 2516 1219 2594 aiunt,
1244 2512 1470 2592 destruentur,
1493 2526 1526 2582 et
1548 2510 1650 2582 tercia
1669 2537 1779 2582 rema·

351 2635 447 2706 nebit
464 2660 571 2732 usque
589 2635 631 2706 ad
648 2633 753 2705 linem
772 2635 894 2705 mundi
913 2634 1091 2715 duratura,
1113 2638 1208 2730 quia,
1228 2649 1266 2704 ut
1283 2638 1395 2714 aiunt,
1413 2632 1514 2704 beato
1536 2634 1714 2703 Francisco
1732 2638 1779 2704 sic

351 2756 416 2826 init
430 2783 448 2826 a
464 2757 538 2828 Deo
556 2761 736 2852 promissa.
755 2812 763 2829 .
781 2810 789 2829 .

404 2881 489 2949 ltem
509 2878 736 2951 determinant
757 2894 892 2973 tempus
910 2877 995 2948 inira
1014 2877 1109 2973 quod
1127 2882 1238 2973 major
1256 2881 1385 2949 venerit
1401 2877 1629 2959 antichristus,
1646 2893 1679 2947 et
1699 2881 1779 2947 inci-

353 3003 421 3095 piet
442 3001 614 3095 predicare
634 3015 666 3070 et
690 2999 786 3069 finiet
807 3024 945 3068 cursum
967 3023 1084 3077 suum,
1104 3024 1209 3093 quem
1228 2997 1463 3068 antichristum
1479 3001 1554 3094 jam
1572 2997 1691 3068 dicunt
1709 3025 1778 3069 esse

353 3136 494 3201 natum,
519 3134 552 3191 et
574 3119 699 3191 finierit
720 3119 910 3190 secundum
933 3118 1100 3215 quosdam
1123 3145 1162 3189 ex
1184 3123 1231 3191 eis
1253 3144 1391 3190 cursum
1417 3144 1519 3190 suurn
1542 3118 1627 3190 inira
1649 3145 1777 3190 annum

353 3266 422 3338 quo
440 3240 693 3335 computabitur
710 3243 901 3311 incarnacio
920 3239 1060 3309 Domini
1079 3265 1169 3310 anno
1188 3265 1280 3311 uccc
1292 3266 1363 3322 xxv,
1383 3242 1438 3311 alii
1458 3266 1538 3313 vero
1558 3242 1676 3312 dicuat
1692 3241 1776 3312 inira

352 3387 481 3432 annum
503 3386 573 3457 quo
593 3361 848 3457 computabitur
866 3386 1048 3443 dcccxxx,
1068 3361 1123 3431 alii
1146 3386 1228 3433 vero
1252 3362 1370 3433 dicunt
1394 3362 1489 3458 quod
1509 3367 1572 3433 erit
1590 3362 1633 3433 ad
1651 3362 1780 3434 tardius

353 3482 437 3552 inira
452 3509 582 3553 annmn
601 3509 669 3579 quo
689 3483 942 3578 computabitur
959 3508 979 3553 u
993 3508 1162 3555 cccxxxv.
1181 3539 1188 3555 .
1206 3537 1214 3554 .

504 3604 604 3700 Cepit
625 3619 740 3675 autem
763 3602 836 3674 fieri
865 3607 1037 3700 inquisitio
1065 3618 1181 3674 contra
1208 3604 1378 3699 predictos
1407 3609 1518 3700 primo
1545 3609 1580 3674 in
1607 3608 1781 3701 provincia

354 3724 566 3797 Narbonensi
593 3724 635 3796 ab
663 3750 754 3796 anno
783 3724 924 3796 Domini
947 3748 1131 3798 ucccxvur
1150 3729 1248 3806 citra,
1276 3740 1309 3796 et
1335 3730 1369 3796 in
1397 3729 1570 3822 provincia
1589 3726 1781 3798 Tholosana

354 3846 445 3942 apud
461 3846 642 3943 Appamias
659 3846 722 3918 sub
739 3870 830 3918 anno
846 3846 986 3917 Domini
1005 3871 1030 3916 u
1041 3870 1098 3917 ccc
1111 3869 1181 3927 nt,
1203 3860 1237 3915 et
1254 3845 1415 3942 deinceps
1430 3848 1622 3917 successive.

406 3968 603 4039 Notandum
622 3984 670 4039 est
685 3983 799 4039 autem
817 3967 1007 4038 incidenter·
1023 3971 1057 4036 in
1077 3967 1143 4038 hoc
1163 3967 1238 4038 loco
1256 3966 1351 4062 quod
1366 3967 1506 4063 bequini
1525 3984 1558 4038 et
1573 3966 1723 4065 biqur‘ne
1746 3972 1780 4037 in

354 4091 599 4161 conventiculis
616 4094 682 4161 suis
705 4091 823 4186 legunt
840 4106 898 4161 aut
920 4089 1049 4161 iaciunt
1070 4089 1135 4184 legi
1155 4103 1188 4160 et
1207 4089 1352 4160 audiunt
1372 4089 1519 4161 libenter
1536 4104 1570 4160 et
1586 4089 1782 4186 frequenter

354 4210 539 4306 quemdam
560 4211 776 4305 parvulinum
797 4210 992 4282 libellulum
1011 4208 1116 4307 quem
1137 4210 1312 4282 intitulant
1329 4211 1525 4282 Transitum
1542 4214 1646 4280 sancti
1663 4215 1779 4305 patris,

356 4336 388 4401 in
408 4356 479 4426 quo
493 4334 537 4401 ita
555 4330 718 4426 scriptum
734 4332 857 4426 legitur
876 4347 908 4402 et
927 4331 1095 4402 habetur:

406 4453 471 4523 «ln
493 4456 632 4523 nomine
653 4454 791 4523 Domini
811 4456 917 4524 nostri
939 4452 1044 4523 Jhesu
1065 4452 1211 4536 Christi,
1233 4458 1291 4550 qui
1316 4452 1583 4524 estbenedictus
1603 4454 1779 4524 insecula.

356 4575 459 4677 Auno
482 4576 721 4644 incarnationis
747 4573 900 4671 ejusdem
929 4596 1119 4654 uccxcvu,
1146 4573 1255 4669 pridie
1281 4575 1366 4672 ydus
1390 4577 1525 4656 Marcii,
1547 4574 1601 4645 die
1622 4574 1779 4653 Veneris.

355 4696 438 4768 bora
453 4711 558 4776 serta,
573 4699 705 4767 civitate
722 4696 895 4784 Narbona,
912 4697 1067 4791 migravit
1084 4720 1102 4764 a
1116 4694 1231 4766 seculo
1247 4711 1343 4791 pater
1359 4700 1585 4769 sanctissimus
1602 4722 1641 4767 ac
1655 4697 1782 4793 precla-

356 4819 506 4890 rissimus
526 4818 647 4890 doctor
670 4817 773 4890 frater
792 4818 911 4889 Petrus
932 4817 1099 4890 lobannis
1121 4814 1233 4899 olivi,
1260 4845 1351 4891 anno
1374 4823 1469 4893 etatis
1489 4846 1549 4891 sue
1574 4823 1783 4916 quinquage-

1580 4959 1647 5032 53.
