4916 6380
554 486 563 504 ⁶
636 546 725 630 aaa
1219 541 1474 628 noricus

371 750 596 759 -·---
681 725 751 789 Vita
766 723 865 789 sancti
882 722 997 789 lustini
1017 719 1221 794 confessoris,
1237 719 1329 807 cujus
1347 741 1463 808 corpus
1478 721 1511 784 in
1527 718 1671 808 partibus
1686 723 1852 795 Vasconie,
1868 722 1901 787 in
1920 725 1989 791 vico
2003 728 2060 812 qui

463 851 507 886 ¹12⁸
636 836 976 903 vocaturPartiniacus
994 831 1205 922 [requiescit].

406 944 563 980 '‘mm'''i
683 951 753 1014 Vita
768 950 868 1014 saneti
884 946 1055 1023 Germani,
1072 945 1162 1010 urbis
1175 944 1313 1011 Tbolose
1330 947 1484 1033 episcopi,
1503 947 1596 1030 cujus
1610 967 1726 1034 corpus
1740 946 1775 1010 in
1793 949 1863 1013 vico
1880 949 1938 1035 qui
1955 951 2061 1037 vulga-

467 1037 500 1073 θ’
636 1064 712 1127 riter
724 1064 796 1126 Dur
813 1070 943 1125 vocatur
957 1060 1137 1146 requiescit.
1677 1124 1682 1131 δ

681 1176 750 1239 Vita
772 1173 946 1237 beatissimi
965 1172 1129 1259 Exuperii‚
1153 1170 1341 1237 confessoris
1363 1182 1458 1257 atque
1481 1171 1653 1236 Tholosani
1678 1173 1831 1259 episcopi,
1850 1176 1911 1238 sub
1929 1186 2060 1241 attesta-

635 1287 725 1352 cione
740 1285 928 1352 Gheronimi
945 1283 1038 1350 edita.

679 1397 748 1461 Vita
763 1396 864 1460 sancti
878 1394 1051 1469 Mucialis,
1067 1393 1215 1480 discipuli
1229 1394 1359 1458 Domini
1374 1395 1471 1459 nostri
1486 1396 1561 1460 Jesu
1579 1395 1709 1462 Christi.
1732 1433 1780 1446 -
1796 1398 1963 1463 Transitus
1978 1402 2059 1485 ejus-

633 1510 717 1574 dem.
745 1547 793 1558 —
823 1508 963 1597 Epistola
981 1508 1080 1571 sancti
1104 1506 1261 1572 Marcialis
1282 1507 1323 1571 ad
1339 1507 1596 1594 Burdegalenses.
1627 1545 1674 1559 —
1702 1509 1840 1597 Epistola
1856 1512 2000 1595 ejusdem
2022 1512 2061 1577 ad

633 1621 839 1687 Tholosanos.

680 1735 750 1800 Vita
764 1734 865 1799 sancti
883 1754 919 1798 ac
935 1731 1109 1797 beatissimi
1130 1730 1282 1819 [eparchi.
1298 1731 1483 1798 confessoris
1499 1732 1627 1799 Christi,

682 1847 749 1911 Vita
770 1845 852 1910 beati
871 1844 1046 1918 Dominici‚
1065 1844 1161 1931 primi
1180 1842 1278 1930 patris
1295 1844 1416 1908 ordinis
1434 1847 1581 1910 Fratrum
1600 1847 1848 1913 predicatorum.

390 1132 507 1168 ΒΙΜΑΜ)
523 1130 576 1166 (illl.

690 2053 789 2128 Dans
806 2051 840 2127 le
857 2050 994 2128 second
1010 2050 1173 2137 volume,
1188 2051 1227 2156 je
1246 2050 1368 2126 releve
1383 2051 1436 2127 les
1454 2051 1597 2128 articles
1614 2051 1772 2129 suivants
1790 2085 1797 2127 :
1828 2034 1831 2039 Ι

682 2256 750 2321 Vita
765 2255 865 2322 sancti
882 2255 1049 2322 Leonardi.
1481 2310 1493 2331 ,
1593 2316 1608 2347 ,

681 2370 749 2435 Vita
765 2369 866 2435 sancti
877 2369 1007 2444 Licere,
1024 2369 1272 2435 Conseranensis
1288 2370 1429 2457 episcopi
1447 2380 1477 2433 et
1495 2368 1691 2435 confessoris.

680 2483 751 2547 Vita
768 2482 869 2547 sancti
885 2480 1006 2565 Egtdti,
1019 2503 1039 2545 a
1054 2480 1197 2568 dompno
1213 2481 1378 2555 Fulberto.
1392 2480 1578 2547 Carnotensi
1597 2482 1759 2570 episcopo,
1776 2484 1935 2548 translata.

680 2596 751 2661 Vita
768 2594 869 2660 sancti
885 2593 995 2664 Salvii.
1011 2591 1170 2658 Albiensis
1185 2592 1327 2680 episcopi
1343 2604 1375 2658 et
1386 2593 1585 2659 confessoris.

679 2708 750 2773 Vita
765 2706 864 2770 sancti
883 2704 1028 2781 Geraldi‚
1046 2705 1248 2779 confessoris,
1267 2707 1361 2792 cujus
1376 2727 1490 2792 corpus
1508 2717 1585 2791 aput
1602 2706 1808 2772 Aureliacunr
1823 2708 2002 2792 requiescit.

679 2819 750 2883 Vita
768 2816 932 2893 rimandi,
949 2816 1088 2905 episcopi
1106 2828 1138 2881 et
1157 2802 1358 2893 confessoris
1379 2820 1472 2903 cujus
1489 2841 1604 2904 corpus
1627 2818 1660 2881 in
1678 2819 1801 2883 liutena
1819 2819 1898 2882 urbe
1915 2819 2059 2906 quiescit.

691 3025 720 3100 A
754 3027 837 3101 crite
870 3023 917 3100 de
955 3053 996 3099 ce
1031 3023 1270 3100 lectionnaire
1304 3023 1384 3100 doit
1418 3032 1495 3099 etre
1531 3024 1742 3099 mentionne
1775 3053 1825 3100 un
1865 3024 2061 3100 manuscrit

635 3155 700 3231 des
728 3153 978 3233 Dominicains
1011 3153 1057 3230 de
1088 3153 1349 3241 Carcassonne,
1381 3154 1445 3259 qui
1475 3154 1611 3259 portait
1638 3153 1673 3228 le
1703 3181 1791 3240 nom
1822 3148 1880 3228 de⁸
1899 3154 2059 3229 Bernard

633 3285 718 3364 Gni.
1671 3292 1678 3305 '

690 3417 823 3515 Quetil
834 3433 871 3493 et
889 3391 1054 3494 Echard¹
1082 3445 1128 3492 en
1148 3434 1214 3493 ont
1235 3417 1305 3493 tire
1321 3414 1355 3491 le
1372 3432 1467 3492 texte
1485 3416 1593 3493 d’une
1616 3425 1774 3521 enquete
1794 3445 1857 3491 sur
1878 3415 2006 3502 lavia,
2026 3414 2060 3490 la

633 3565 732 3624 mort
749 3565 786 3623 et
798 3547 851 3624 les
867 3546 1033 3624 miracles
1052 3546 1098 3622 de
1112 3547 1206 3624 saint
1220 3547 1461 3653 Duriumque,
1479 3564 1576 3624 texte
1595 3547 1658 3654 qui
1678 3548 1772 3624 aete
1785 3546 1980 3652 reproduit
1995 3574 2061 3651 par

633 3675 687 3751 les
703 3676 974 3754 Bollandistes².

660 3916 786 4017 Ἠιὸ.
820 3941 872 4018 La
901 3941 1144 4046 composition
1180 3941 1248 4018 des
1277 3940 1432 4019 recueils
1463 3942 1527 4047 qui
1554 3940 1729 4017 viennent
1761 3939 1873 4014 d'etre
1905 3936 2060 4050 signales

634 4072 725 4149 dans
741 4070 775 4148 le
791 4071 1015 4179 paragrapbe
1034 4073 1236 4179 precedent
1252 4101 1299 4150 ns
1315 4074 1450 4149 saurait
1465 4082 1542 4175 etue
1562 4071 1743 4147 attribute
1759 4078 1780 4146 a
1795 4070 1957 4146 Bernard
1971 4069 2057 4148 Gni.

633 4200 702 4278 Tel
731 4201 823 4278 n'est
852 4232 915 4306 pas
944 4201 978 4277 le
1007 4209 1188 4278 caractere
1216 4202 1324 4278 d’une
1350 4204 1465 4308 petite
1494 4201 1688 4280 collection
1712 4218 1818 4307 ayant
1841 4229 1936 4306 pour
1958 4200 2062 4307 objet

633 4333 667 4408 la
686 4335 760 4420 vie,
790 4331 824 4410 la
847 4333 1062 4412 translation
1089 4350 1125 4408 et
1154 4333 1207 4409 les
1234 4331 1401 4410 miracles
1425 4333 1471 4408 de
1500 4332 1683 4437 plusieurs
1702 4332 1813 4407 saints
1836 4333 1887 4407 du
1908 4359 1995 4438 pays
2013 4331 2059 4405 de
2086 4310 2092 4319 l

577 4688 585 4702 ,
678 4628 684 4658 ¹
709 4630 771 4688 «Ex
786 4628 850 4689 cod.
866 4651 920 4689 ms.
937 4629 1031 4689 fratris
1047 4627 1188 4689 bernardi
1199 4627 1308 4690 Guido·
1385 4628 1493 4689 minici
1509 4626 1659 4711 Scriptores
1671 4626 1771 4687 ordinis
1785 4626 2016 4693 predicatorum,
2033 4624 2059 4689 l.

634 4732 679 4791 nis
701 4732 731 4789 in
751 4731 872 4791 archivis
898 4743 1054 4792 conventus
1075 4732 1309 4793 Carcassouensia
1385 4733 1426 4799 [ab
1442 4742 1470 4790 et
1486 4731 1557 4791 suiv,

633 4844 783 4895 asservato.
801 4833 881 4895 [beu
894 4835 1012 4894 testium
1024 4856 1112 4918 super
1122 4836 1310 4916 inquisitione
1424 4832 1437 4915 ι’
1459 4833 1552 4893 Tome
1568 4835 1579 4893 l
1598 4832 1639 4894 du
1661 4833 1736 4894 mois
1757 4832 1869 4900 d'aotit,
1895 4855 1923 4915 p.
1948 4830 2011 4894 6²8
2033 4842 2061 4891 ct

634 4937 705 4997 lacta
717 4935 755 4996 de
770 4936 838 5003 vita,
855 4935 936 4997 obitu
950 4946 979 4996 et
997 4936 1142 4997 miraculis
1160 4937 1235 4997 beati
1252 4938 1308 4996 Do·
1385 4937 1455 4996 suiv.
