4916 6380
505 798 549 835 LRS

448 892 603 930 uanuscttm

509 987 543 1023 ΒΕ

432 1079 551 1117 DEDFARD
564 1080 617 1117 attl.

677 501 764 585 aar
1264 442 1521 585 norrcas

677 679 737 744 luit
762 701 846 744 unus
868 678 964 743 frater
983 677 1145 743 lohannes
1164 676 1339 751 Balistarii,
1362 676 1611 750 Lemovioensis‚
1634 675 1816 763 presulante
1835 678 1914 742 inihi
1932 688 2011 771 tunc
2025 691 2103 746 tem·

676 792 761 878 poris
776 794 843 856 viro
857 791 951 875 digne
966 811 1093 876 semper
1106 788 1262 853 memorie
1274 788 1405 853 domino
1423 790 1514 853 Petro
1529 788 1569 853 de
1587 788 1702 854 Sancto
1717 785 1854 866 baterio,
1868 812 1886 853 a
1899 812 1964 877 quo
1976 792 2103 861 Fratres

676 915 807 993 paterne
821 915 852 967 et
869 904 1004 987 benigne
1019 901 1149 966 fuerunt
1168 894 1335 967 recollecti.
1350 900 1410 964 Hic
1422 900 1525 977 enim,
1541 923 1617 965 cum
1631 922 1690 966 suo
1702 901 1842 989 capitulo
1857 903 2100 977 canonicorum,

675 1018 708 1081 in
727 1038 792 1103 quo
812 1014 919 1103 plures
940 1036 1074 1101 persone
1093 1012 1262 1078 reverende
1281 1023 1313 1078 et
1334 1033 1449 1099 magne
1470 1013 1633 1099 probitatis
1651 1013 1820 1089 florebant,
1836 1014 1923 1078 dedit
1938 1015 2103 1083 Fratribus

676 1129 783 1194 locum
800 1139 829 1192 et
851 1122 1016 1192 ecclesiam
1040 1126 1148 1193 Sancti
1168 1125 1296 1191 Martini
1321 1134 1408 1189 extra
1432 1127 1539 1190 menia
1560 1124 1633 1189 ville
1659 1148 1732 1191 cum
1756 1127 1821 1190 suis
1846 1127 2049 1213 pertinenciis
2070 1140 2101 1193 et

598 1285 603 1291 ·
674 1238 819 1310 edificiis,
846 1240 901 1303 ubi
923 1250 989 1303 erat
1011 1260 1048 1302 eo
1070 1238 1103 1301 in
1126 1248 1269 1323 tempore
1294 1237 1452 1322 prioratus
1474 1236 1608 1323 quidem
1627 1238 1789 1324 pertinens
1811 1238 1851 1302 ad
1870 1240 2099 1311 monasterium

675 1353 900 1416 canonicorum
928 1351 1034 1417 Sancti
1056 1349 1209 1414 lobannis
1230 1351 1270 1414 de
1292 1347 1386 1423 Cola,
1410 1359 1441 1414 et
1464 1371 1548 1414 nnus
1572 1349 1743 1414 canonicus
1769 1351 1829 1415 sub
1856 1354 2100 1439 nuncupacione

674 1464 788 1551 prioris
811 1464 889 1527 inibi
909 1463 1103 1538 morabatur,
1131 1461 1204 1526 data
1226 1465 1316 1550 prius
1338 1463 1378 1527 ab
1400 1462 1468 1549 ipso
1490 1460 1638 1550 episcopo
1664 1472 1695 1527 et
1717 1461 1857 1550 capitulo
1879 1485 2099 1550 recompensa·

673 1576 763 1641 cione
779 1576 934 1663 condigna
954 1575 1145 1640 monasterio
1165 1584 1196 1638 et
1215 1575 1375 1641 canonicis
1396 1575 1588 1640 memoratis.
1612 1576 1721 1640 Primo
1742 1574 1900 1661 siquidem
1918 1576 2100 1643 hahuerunt

673 1689 818 1753 canonici
841 1688 873 1751 iu
898 1689 1228 1773 recompensacionem
1244 1689 1284 1752 ab
1300 1689 1448 1776 episcopo
1465 1666 1632 1752 ecclesiam
1649 1688 1711 1751 deu
1726 1686 1863 1763 Tolon¹;
1882 1710 1947 1774 qua
1967 1689 2097 1755 ecclesia

676 1801 878 1886 postmodum
899 1800 1043 1874 dimissa,
1061 1799 1244 1864 hahuerunt
1268 1811 1299 1864 et
1321 1798 1439 1864 habent
1464 1821 1566 1886 usquc
1587 1799 1696 1875 hodie,
1720 1800 1790 1864 loco
1813 1800 1897 1885 ejus,
1924 1800 2052 1888 pacilice
2069 1815 2098 1868 et

674 1914 779 2000 quiete
806 1913 972 1976 ecclesiam
995 1912 1103 1977 Sancti
1124 1912 1253 1975 Martini
1275 1934 1338 1998 que
1362 1921 1408 1976 est
1430 1911 1513 1976 inlra
1533 1909 1652 1976 villam.
1678 1911 1728 1975 De
1747 1911 1866 1999 prefata
1887 1936 1954 1976 vero
1976 1914 2099 1978 ecclesio

673 2025 777 2090 Sancti
784 2023 927 2096 Martini,
938 2046 1027 2110 quam
1041 2023 1160 2087 Fratres
1166 2022 1368 2088 Prodicatcres
1380 2030 1566 2109 acceperunt,
1573 2021 1714 2110 jecerant
1724 2026 1782 2110 ipsi
1789 2023 1908 2088 Fratres
1920 2026 2001 2090 dirui
2012 2041 2100 2111 caput

672 2138 750 2222 quod
766 2137 924 2200 rotundum
941 2147 1015 2208 erat,
1032 2148 1059 2199 et
1074 2136 1224 2200 residuum
1239 2136 1357 2203 ecclesie
1372 2135 1449 2221 qaod
1463 2139 1604 2199 remansit
1621 2147 1662 2199 est
1682 2157 1771 2220 usqae
1786 2136 1871 2200 hodie
1888 2137 2002 2223 capella
2020 2138 2098 2225 infir·

632 2281 637 2289 ·
673 2252 793 2313 mitorii.
819 2247 914 2312 Dedit
933 2248 1031 2312 etiam
1049 2248 1213 2311 Fratribus
1233 2247 1384 2312 dominus
1401 2248 1569 2333 episeopus
1586 2259 1782 2312 memoratus
1800 2249 1918 2313 bonam
1936 2270 2098 2314 summam

671 2362 806 2447 pecunie
823 2383 881 2447 pro
901 2361 1048 2423 Fratrum
1066 2358 1199 2426 edificiis
1214 2359 1450 2431 construendis,
1473 2370 1503 2423 et
1520 2359 1618 2423 aliam
1634 2381 1798 2425 summam
1814 2351 1974 2427 canonicis
1990 2362 2097 2428 Sancti

669 2472 826 2538 iohannis
837 2471 963 2538 deCola
979 2472 1162 2536 memoratis
1179 2495 1238 2559 pro
1252 2472 1392 2557 antiquis
1407 2469 1539 2535 edificiis
1553 2493 1617 2557 que
1632 2472 1664 2534 in
1682 2472 1749 2535 loco
1761 2473 1926 2537 Fratribus
1942 2495 2098 2539 remense-

623 2623 627 2630 ·
671 2598 755 2651 runt.
779 2586 870 2650 Unde
893 2607 957 2650 non
980 2585 1142 2649 immerito
1167 2585 1234 2670 ipsc
1255 2584 1405 2649 dominus
1429 2583 1594 2670 episcopus
1618 2582 1680 2647 fuit
1704 2596 1876 2649 conventus
1897 2596 1929 2649 et
1949 2588 2097 2651 Fratrum

670 2698 910 2763 Predicatorum
925 2698 957 2759 in
973 2697 1139 2782 Petregora
1158 2718 1230 2761 vere
1250 2708 1384 2783 pateret
1400 2707 1566 2782 patronus.
1584 2696 1777 2783 tandemque
1794 2698 1826 2759 in
1843 2697 1955 2761 ordine
1973 2698 2005 2761 in
2024 2720 2098 2762 con-

671 2821 767 2875 ventu
780 2809 997 2874 Lemovicensi
1014 2830 1107 2874 verus
1129 2808 1236 2882 irater,
1265 2809 1319 2873 ubi
1348 2809 1485 2894 suscepit
1507 2807 1654 2872 habitum
1678 2809 1814 2880 ordinis.
1831 2809 2031 2896 episcopatus
2046 2812 2097 2874 sui

672 2943 756 2986 anno
776 2944 871 2986 mur
896 2919 1031 2986 feliciter
1051 2931 1082 2985 et
1099 2931 1232 2993 strenue,
1249 2931 1509 3006 consumpmatO.
1530 2942 1614 2985 anno
1632 2914 1763 2985 Domini
1781 2941 1959 2994 accursu,
1974 2921 2007 2985 in
2032 2943 2097 3008 quo

671 3035 805 3121 quidem
820 3033 932 3099 ordine
947 3032 1150 3097 laudabiliter
1167 3043 1198 3096 et
1217 3032 1444 3097 honorabiliter
1459 3032 1536 3096 virit
1553 3032 1645 3097 annia
1664 3043 1751 3108 octo,
1773 3032 1936 3098 mensibus
1958 3045 2097 3121 quatem

671 3158 701 3212 et
724 3147 874 3222 dimidio,
901 3146 1009 3232 sicque
1027 3145 1148 3210 ibidem
1175 3143 1305 3209 feliciter
1326 3145 1412 3209 diem
1435 3145 1549 3209 clausit
1570 3154 1765 3220 extremum,
1783 3145 1886 3232 pridie
1904 3146 1984 3232 ydus
2000 3144 2094 3220 tutti,

670 3260 832 3325 dominica
845 3258 934 3333 dial,
950 3280 1035 3322 anno
1052 3258 1183 3322 Domini
1200 3254 1387 3321 uccrrrvl.

726 3429 778 3502 La
800 3426 932 3532 phrase
955 3426 1019 3531 qui
1044 3442 1098 3501 est
1120 3424 1300 3501 ci-dessus
1324 3426 1516 3530 imprimee
1539 3455 1585 3503 en
1608 3432 1807 3505 caracteres
1831 3427 2018 3535 italiques,
2045 3434 2095 3508 oi1

670 3556 832 3634 Bernard
855 3555 928 3634 Gui
951 3572 1122 3663 rapporte
1146 3572 1333 3632 comment
1351 3555 1405 3632 les
1421 3557 1671 3635 Dominicains
1693 3559 1890 3636 abattirent
1912 3559 1947 3636 le
1965 3560 2096 3637 chevet

672 3688 718 3763 de
736 3686 935 3765 l'ancienne
957 3687 1067 3793 eglise
1091 3688 1138 3764 de
1162 3688 1412 3767 saint-Martin
1435 3704 1472 3764 et
1492 3691 1736 3767 convertireut
1752 3690 1786 3766 le
1805 3707 1900 3767 reste
1920 3691 1968 3767 de
1991 3690 2095 3767 l'edi-

669 3816 738 3894 fice
759 3847 806 3895 en
822 3847 894 3894 une
914 3816 1078 3923 chapelle
1095 3846 1191 3924 pour
1205 3816 1287 3893 leur
1299 3817 1516 3908 infirmarie,
1533 3849 1553 3896 a
1569 3821 1627 3896 ete
1642 3820 1939 3926 saigneusement
1955 3822 2093 3926 grattde

670 3979 717 4026 au
743 3948 806 4027 fol.
843 3951 893 4027 68
926 3949 977 4025 du
1001 3978 1068 4025 ms.
1100 3951 1177 4051 780
1203 3949 1250 4024 de
1277 3949 1484 4037 Eordaeam
1516 3967 1553 4025 et
1577 3950 1782 4057 remplacde
1806 3980 1873 4056 par
1897 3980 1970 4027 une
1996 3979 2092 4027 assez

669 4081 805 4188 longae
832 4079 987 4157 relation
1015 4079 1080 4156 des
1106 4095 1252 4155 travaur
1279 4109 1352 4185 que
1374 4078 1409 4155 le
1435 4080 1562 4185 prieur
1585 4080 1794 4161 Guillaume
1818 4080 1925 4159 Coral
1948 4081 2093 4184 (1273-

677 4214 777 4288 1289
804 4225 842 4286 et
870 4208 1128 4312 root-1285)
1154 4208 1197 4284 fit
1217 4211 1387 4285 ardenter
1409 4218 1428 4284 a
1450 4210 1562 4286 ladite
1587 4210 1697 4316 eglise
1717 4211 1763 4286 de
1782 4210 2038 4293 Sciat-Martin
2057 4228 2093 4286 et

669 4341 733 4446 qui
764 4345 976 4417 amenereut
1003 4338 1038 4415 la
1060 4338 1280 4415 decouverte
1305 4340 1391 4416 d’un
1414 4339 1527 4446 depdt
1552 4340 1599 4416 de
1622 4341 1783 4447 reliques
1809 4360 1846 4418 et
1867 4341 1975 4419 d'une
2000 4347 2094 4419 tres·

669 4470 837 4547 curiense
855 4469 1080 4575 inscription.
1106 4468 1134 4545 ll
1159 4469 1316 4574 importe
1340 4469 1386 4546 de
1401 4465 1552 4582 :relever
1568 4499 1629 4548 ces
1649 4471 1779 4565 details
1798 4489 1835 4548 et
1852 4471 1898 4549 de
1916 4471 2091 4578 produire

713 4682 719 4711 ¹
745 4682 785 4741 Le
806 4681 921 4743 Toulon
947 4647 1146 4763 (Dordogne)‚
1167 4681 1341 4744 arrondisse·
1461 4682 1472 4713 ¹
1493 4684 1535 4745 Le
1548 4682 1703 4743 dimanclre
1723 4686 1759 4751 rh
1769 4683 1868 4766 juillet
1887 4686 1975 4764 1275.

668 4795 749 4844 ment
768 4795 797 4844 et
815 4796 920 4844 canton
940 4784 978 4844 de
997 4785 1170 4867 Perigueux‚
1187 4807 1342 4847 commune
1461 4784 1471 4814 ³
1493 4785 1546 4845 Ma.
1563 4787 1622 4866 273
1640 4785 1677 4847 de
1690 4783 1848 4853 Touleuse,
1869 4784 1917 4845 lul.
1944 4785 2016 4853 1523
2036 4806 2089 4845 nu.

668 4887 705 4948 de
717 4884 946 4972 Champsevinel.
1419 4886 1480 4969 780
1492 4886 1530 4948 de
1542 4887 1707 4957 Burdeanr,
1721 4886 1770 4947 sol.
1785 4887 1834 4950 68.
