4928 6382
522 760 566 797 css

467 855 621 891 usuoscnrrs
638 894 643 905 ,

528 946 562 984 ns

452 1039 569 1079 ssnnnno
583 1039 637 1078 our.

694 463 781 550 tls
813 586 822 600 ⁹
1274 459 1531 549 NOTICES

692 667 798 738 quiam
820 645 928 719 eciam
950 642 984 711 iu
1007 639 1089 709 aliis.
1113 637 1238 709 Modus
1261 642 1353 709 enim
1375 640 1542 710 salutandi
1564 641 1717 734 ipsorum
1739 652 1797 711 aut
1815 639 2021 715 resalutandi
2041 643 2117 715 talis

694 778 753 835 est.
773 763 901 834 Dicunt
918 764 1010 832 enirn
1028 762 1204 831 venientes
1219 772 1278 830 aut
1299 762 1462 831 intrantes
1482 759 1627 830 domum
1649 760 1798 856 aliquam
1821 777 1878 833 aut
1901 780 2117 837 occurrentes

694 884 757 955 sibi
783 886 861 978 ipsis
887 886 921 951 iu
946 884 1067 951 itinere
1093 905 1153 950 seu
1172 882 1208 949 in
1234 883 1287 952 via
1308 911 1315 950 ε
1336 880 1566 953 «Benedictus
1594 882 1637 951 sit
1663 880 1786 953 Jhesus
1814 881 2009 955 Christusl»
2034 884 2115 957 vel:

696 1004 944 1076 «Benedictum
967 1004 1009 1073 sit
1030 1026 1158 1071 nornen
1182 1000 1322 1071 Domini
1345 994 1450 1072 Jhesu
1471 1000 1634 1072 Christi.»
1655 1000 1744 1073 Item
1765 1016 1898 1073 orantes
1920 1007 1956 1073 in
1979 1004 2118 1077 eeclesia

694 1126 747 1196 vel
769 1124 849 1194 alibi
871 1123 991 1194 sedent
1011 1125 1167 1216 acrupiti,
1192 1146 1289 1193 verso
1313 1121 1411 1193 vultu
1432 1147 1493 1192 seu
1516 1120 1600 1192 sacis
1624 1124 1855 1193 communiter
1874 1123 1918 1194 ad
1943 1124 2118 1219 objectum

693 1248 857 1340 parietem
882 1244 935 1316 vel
960 1242 1104 1313 similem
1127 1243 1259 1322 locum,
1285 1242 1339 1313 rel
1369 1241 1412 1312 ad
1437 1228 1563 1329 terram
1590 1245 1773 1337 capuciati,
1797 1256 1831 1313 et
1856 1269 1933 1315 raro
1958 1244 2117 1319 videntur

694 1382 781 1438 stare
808 1365 900 1436 liexis
926 1363 1069 1460 genibus
1096 1377 1129 1434 et
1151 1363 1332 1459 complosis
1359 1361 1537 1444 manibus,
1561 1366 1648 1433 sicut
1668 1361 1798 1457 iaciunt
1821 1368 1924 1436 ceteri
1947 1366 2116 1439 homines.

694 1489 781 1559 ltem
805 1491 839 1557 in
864 1510 997 1568 mensa,
1022 1487 1058 1554 in
1084 1484 1243 1579 prandio,
1272 1498 1348 1579 post
1374 1482 1651 1554 benedictionem
1677 1509 1810 1566 menso,
1837 1484 1957 1559 dicunt
1986 1487 2034 1557 illi
2058 1492 2117 1584 qui
2147 1548 2152 1553 .

695 1614 805 1681 sciunt
822 1608 964 1680 «Gloria
976 1611 1011 1678 in
1026 1606 1160 1678 excelsis
1175 1605 1267 1688 Deo,
1279 1634 1294 1672 n
1311 1605 1404 1676 llexis
1418 1605 1578 1700 genibus,
1598 1610 1718 1676 ceteris
1732 1605 1959 1679 audientibus,
1978 1609 2017 1678 ln
2035 1634 2117 1679 cena

695 1692 913 1801 verddicunt
930 1728 1052 1801 «Salve
1068 1730 1196 1824 regina,
1208 1756 1224 1792 n
1237 1727 1287 1797 illi
1305 1730 1365 1823 qui
1384 1702 1510 1807 sciunt,
1529 1726 1684 1798 similiter
1700 1727 1793 1798 flexis
1810 1727 1963 1823 genibus.

747 1851 786 1920 ln
802 1853 920 1945 primis
936 1853 1050 1946 itaque
1068 1848 1187 1919 dicum
1206 1862 1239 1918 et
1258 1862 1411 1918 asserunt
1428 1847 1476 1917 illi
1494 1850 1554 1943 qui
1571 1873 1590 1916 a
1607 1847 1709 1943 vulgo
1727 1846 1869 1945 bequini
1885 1853 2117 1933 nominantur,
2230 1906 2237 1917 .

696 1974 757 2067 ipsi
776 1985 891 2042 autem
909 1996 944 2041 se
964 1969 1083 2040 mount
1100 1967 1217 2040 fratres
1235 1994 1399 2064 pauperes
1417 1967 1460 2039 de
1483 1972 1672 2064 penitencia
1694 1969 1736 2041 de
1755 1974 1860 2041 tercio
1878 1970 1998 2042 ordine
2013 1974 2119 2043 sancti

695 2094 881 2170 Francisoi,
898 2118 933 2161 se
948 2090 1088 2162 credere
1104 2105 1137 2161 et
1151 2104 1268 2161 tenere
1284 2089 1379 2186 quod
1394 2089 1565 2161 Dominus
1577 2090 1700 2162 Jbesus
1714 2091 1883 2175 Christus,
1900 2096 1935 2163 in
1951 2107 2118 2190 quantum

696 2213 759 2284 luit
773 2213 895 2294 homo,
915 2228 949 2283 et
967 2215 1040 2308 ejus
1057 2211 1215 2307 apostoli,
1236 2211 1341 2282 nichil
1357 2208 1554 2283 habuerunt
1567 2215 1602 2282 in
1616 2215 1770 2309 proprio,
1785 2239 1849 2284 nec
1864 2216 1966 2284 etiam
1978 2217 2013 2284 in
2026 2239 2120 2286 com·

695 2339 809 2416 muni,
829 2337 910 2431 quia
927 2332 1067 2405 fuerunt
1082 2330 1223 2428 perlecti
1239 2358 1405 2428 pauperes
1422 2335 1457 2401 in
1473 2333 1540 2404 boc
1556 2332 1706 2404 mundo.
1724 2387 1758 2405 ..

755 2513 763 2531 .
781 2514 789 2531 .
807 2515 815 2531 .
839 2458 925 2528 ltem
941 2455 1060 2527 dicunt
1074 2454 1169 2551 quod
1185 2454 1345 2525 dominus
1363 2480 1448 2550 papa
1462 2454 1635 2526 lohannes
1649 2454 1759 2537 XXII,
1778 2454 1932 2527 iaciendo
1947 2457 2119 2551 quandam

695 2581 993 2659 constitucionem,
1013 2602 1081 2673 que
1101 2579 1219 2671 incipit
1237 2574 1467 2662 Quorumdam,
1482 2579 1517 2646 in
1537 2602 1606 2672 qua
1625 2576 1751 2647 dicitur
1768 2577 1957 2649 concedere
1973 2593 2031 2648 aut
2051 2578 2120 2650 dis-

696 2726 836 2795 pensare
862 2725 942 2768 cum
973 2698 1143 2769 Fratribus
1173 2696 1378 2779 Minoribus,
1408 2697 1503 2793 quod
1530 2701 1659 2793 possint
1686 2722 1890 2793 congregare
1918 2698 2060 2770 bladum
2088 2714 2120 2770 et

696 2824 814 2891 vinum
833 2825 867 2890 in
890 2822 1050 2915 granariis
1067 2820 1121 2890 vel
1142 2818 1284 2890 cellariis
1302 2845 1364 2915 pro
1387 2833 1541 2913 tempore
1559 2818 1693 2901 futuro,
1712 2818 1755 2889 ad
1777 2818 1955 2890 arbitrium
1974 2821 2118 2915 prelato·

696 2930 774 3013 rum
790 2942 919 3013 ordinis
940 2945 1108 3036 ipsorum,
1128 2940 1207 3012 lecit
1225 2942 1342 3012 contre
1361 2941 1588 3036 evangelicam
1606 2955 1854 3036 paupertatem,
1875 2954 1910 3012 et
1927 2966 1988 3037 per
2005 2967 2122 3013 conse·

594 3148 601 3161 ,
696 3090 819 3160 quens,
838 3077 875 3132 ut
891 3066 1001 3144 aiunt,
1021 3075 1137 3132 contra
1157 3061 1369 3157 evangelium
1387 3060 1527 3143 Christi,
1551 3077 1584 3132 et
1604 3061 1682 3133 ideo
1702 3062 1821 3133 dicunt
1837 3056 1933 3158 quod
1949 3061 2056 3133 lactus
2072 3078 2121 3133 est

695 3186 881 3265 hereticus,
914 3197 947 3255 et
970 3182 1066 3280 quod
1097 3211 1136 3254 ex
1162 3184 1229 3254 hoc
1253 3183 1400 3278 perdidit
1427 3198 1629 3279 potestatem
1657 3184 1814 3279 papalem
1843 3184 1968 3278 ligandi
1997 3199 2030 3254 et
2056 3184 2121 3255 sol-

697 3306 815 3378 vendi.
834 3360 868 3381 .,

748 3430 835 3498 ltem
858 3427 977 3498 dicunt
998 3426 1092 3522 quod
1119 3426 1167 3496 illi
1193 3440 1343 3522 quatuor
1366 3426 1497 3497 Fratres
1518 3427 1670 3498 Minores
1692 3431 1751 3523 qui
1773 3427 1836 3498 sub
1863 3452 1954 3497 anno
1981 3426 2122 3498 Domini

697 3576 722 3622 u
736 3574 883 3622 cccsvm
906 3547 997 3643 apud
1020 3549 1201 3619 Massiliam
1220 3573 1281 3643 per
1303 3551 1539 3644 inquisitorem
1560 3548 1710 3619 heretice
1728 3551 1914 3644 pravitatis,
1938 3552 1998 3644 qui
2021 3552 2123 3619 etiam

699 3685 769 3740 erat
791 3669 834 3740 de
858 3668 978 3739 ordine
1006 3668 1163 3740 Fratrum
1191 3669 1386 3749 Minorum,
1417 3667 1555 3739 luerunt
1580 3668 1675 3739 velut
1700 3668 1839 3739 heretici
1863 3668 2121 3764 condempnati,

646 3824 652 3833 ·
699 3818 738 3861 ex
760 3791 841 3871 hoc,
862 3804 900 3860 ut
922 3792 984 3885 ipsi
1004 3789 1142 3872 dicunt,
1162 3794 1242 3885 quia
1264 3788 1424 3861 volebant
1446 3816 1577 3862 servare
1600 3805 1633 3861 et
1650 3803 1766 3860 tenere
1788 3793 1970 3885 puritatem
1990 3803 2023 3860 et
2039 3794 2124 3860 veri-

698 3926 802 3982 tatem
829 3926 863 3982 et
879 3925 1111 4007 paupertatem
1139 3910 1227 3982 dicte
1245 3911 1361 4006 regule
1381 3916 1487 3982 sancti
1506 3912 1689 3993 Francisci,
1710 3925 1743 3981 et
1760 3915 1841 4006 quia
1862 3910 2025 3982 nolebant
2041 3936 2123 3981 con·

698 4037 821 4103 sentire
837 4035 872 4101 in
890 4032 1097 4102 laxacionem
1116 4032 1249 4127 regule,
1270 4059 1333 4103 nec
1352 4036 1503 4128 recipere
1521 4031 1812 4127 dispensacionem
1831 4031 1974 4128 predicti
1991 4030 2123 4104 domini

624 4146 630 4155 ’
699 4180 784 4250 pape
802 4152 927 4224 iactam
948 4179 1048 4248 super
1065 4154 1138 4235 illa,
1157 4180 1222 4225 nec
1244 4154 1307 4225 sibi
1326 4181 1390 4225 nec
1406 4156 1479 4225 aliis
1496 4180 1598 4249 super
1621 4155 1685 4224 hoc
1707 4153 1863 4235 obedire,
1885 4153 2024 4225 luerunt
2043 4178 2124 4225 oon-

698 4276 873 4371 dempnati
890 4278 1014 4370 injuste
1035 4301 1095 4370 pro
1110 4278 1250 4347 veritate
1269 4276 1384 4371 regule
1400 4276 1592 4371 evangelice
1608 4273 1839 4357 defendenda,
1860 4289 1894 4346 et
1910 4275 1988 4346 ideo
2006 4274 2124 4347 dsunt

625 4486 632 4497 ·
699 4401 787 4491 ipsos
804 4420 874 4467 non
897 4395 997 4467 luisse
1017 4396 1185 4467 hereticos
1202 4396 1262 4467 sed
1280 4397 1478 4479 catholicos,
1503 4412 1537 4468 et
1556 4423 1627 4468 esse
1647 4411 1810 4492 martyres
1835 4396 2013 4493 gloriosos,
2037 4400 2124 4492 ipso·

699 4543 845 4613 rumque
864 4518 1047 4612 implorant
1062 4520 1236 4589 oraciones
1251 4534 1286 4589 et
1297 4517 1451 4613 suffragia
1467 4518 1558 4615 apud
1573 4517 1703 4592 Deum.
1721 4572 1730 4589 .
1747 4572 1756 4587 .

750 4639 838 4709 Item
862 4638 942 4709 dicti
965 4639 1105 4735 bequini
1134 4639 1259 4711 habent
1285 4639 1390 4711 libros
1414 4639 1495 4711 dicti
1522 4639 1632 4711 fratris
1654 4640 1743 4710 Petri
1766 4638 1931 4710 lobannis
1956 4664 1995 4708 ex
2019 4637 2124 4707 latino

698 4762 916 4855 transpositos
940 4764 974 4829 in
1000 4761 1145 4855 vulgari,
1172 4786 1258 4857 quos
1285 4776 1566 4856 transposuerunt
1590 4786 1650 4833 seu
1679 4760 1925 4833 transtulerunt
1952 4759 2057 4855 aliqui
2086 4784 2125 4829 es
