4928 6382
816 525 925 610 DES
961 523 1356 611 MANUSCRITS.
1711 521 1796 609 r15

424 709 475 778 De
493 703 697 776 intolerabili
725 703 899 774 blasfemia
922 703 1114 774 Judeorum
1136 716 1253 773 contra
1279 702 1452 776 Christum
1484 717 1517 772 et
1543 705 1614 798 ejus
1638 700 1743 773 lidem
1766 718 1800 773 et

372 842 487 898 contra
505 826 676 921 populum
693 824 925 894 christianum.
1180 802 1184 811 ’

807 1009 954 1108 Sequitur
968 1008 1006 1080 dc
1022 1008 1175 1108 sortilepis
1194 1022 1224 1079 ct
1242 1010 1363 1080 divinis.

372 1260 374 1263 Ι
425 1171 477 1241 De
491 1170 652 1266 sortilegis
667 1184 701 1240 et
719 1167 841 1238 divinis
855 1182 889 1239 et
904 1165 1157 1239 invocatoribus
1175 1166 1374 1239 demonum.

425 1291 684 1387 interrogatoria
713 1289 870 1383 specialia
898 1287 940 1358 ad
967 1289 1144 1383 sortilegos
1171 1302 1203 1357 et
1234 1288 1365 1359 divinos
1391 1304 1425 1359 et
1451 1293 1662 1361 invocatores
1686 1290 1802 1362 demo

375 1439 468 1482 num.

424 1529 548 1602 Modus
564 1545 597 1600 et
615 1530 724 1601 forma
740 1533 936 1600 communis
950 1530 1130 1626 abjurandi
1144 1530 1291 1600 heresim
1311 1531 1499 1626 injudicio

425 1651 549 1723 Modus
563 1650 734 1722 scribendi
750 1651 1010 1748 abjuraeionem
1024 1677 1087 1746 per
1104 1655 1276 1722 notarium
1294 1654 1327 1721 in
1345 1676 1516 1746 processu.

428 1773 550 1861 Modus
569 1771 799 1843 concludendi
815 1787 848 1842 et
862 1771 1033 1842 scribendi
1048 1777 1085 1842 in
1103 1771 1172 1842 fine
1191 1771 1411 1844 consessionis
1422 1773 1603 1868 judicialis,

424 1895 549 1967 Modus
567 1894 709 1990 quidam
729 1894 865 1967 brevior
891 1898 986 1991 quasi
1004 1895 1067 1965 sub
1087 1894 1292 1989 compendio
1308 1894 1478 1965 scribendi
1496 1894 1751 1991 abjuracionem
1769 1898 1803 1964 in

375 2015 443 2088 line
459 2015 692 2088 consessionis.

428 2137 551 2209 Modus
563 2141 722 2232 proprius
738 2134 917 2231 abjurandi
930 2152 1054 2207 sectam
1068 2151 1101 2207 et
1119 2136 1265 2208 heresim
1287 2136 1518 2208 Valdensium.

427 2259 550 2331 Modus
568 2262 726 2353 proprius
741 2256 921 2353 abjurandi
935 2273 1063 2328 sectam
1081 2273 1115 2328 et
1132 2258 1279 2329 heresim
1296 2257 1427 2353 pseudo
1446 2259 1691 2353 apostolorum.

427 2381 513 2451 Item
532 2379 657 2450 modus
670 2377 848 2475 abjurandi
871 2379 1059 2474 predictam
1074 2393 1200 2450 sectam
1217 2396 1251 2449 et
1262 2380 1408 2451 heresim
1427 2379 1567 2451 brevior
1584 2394 1619 2449 et
1636 2378 1700 2449 sub
1714 2404 1805 2449 com·

375 2500 517 2596 pendio.

427 2621 551 2693 Modus
569 2625 727 2716 proprius
747 2620 925 2717 abjurandi
945 2621 1091 2693 heresim
1110 2636 1144 2693 et
1158 2647 1288 2694 errores
1313 2638 1402 2693 secte
1426 2622 1565 2693 illorum
1588 2626 1646 2718 qui
1666 2621 1803 2717 bequini

376 2745 556 2840 vulgariter
570 2744 793 2838 appellentur.

429 2865 552 2936 Modus
565 2864 744 2959 abjurandi
753 2864 944 2936 iudeorum
955 2869 1013 2960 qui
1027 2865 1226 2961 deprehensi
1240 2881 1319 2937 sunt
1331 2881 1364 2936 et
1376 2865 1516 2937 confessi
1532 2892 1566 2937 se
1575 2880 1691 2937 contra
1701 2864 1809 2935 fidem'

377 2986 579 3056 catholicam
599 2990 787 3055 enormiter
805 2986 993 3082 deliquisse.

430 3106 553 3177 Modus
567 3104 746 3201 abjurandi
761 3106 897 3175 illoriun
912 3111 970 3200 qui
981 3111 1134 3177 conversi
1148 3111 1270 3201 priuss
1284 3105 1426 3203 perfidis
1438 3093 1629 3178 Jude'orum
1644 3106 1684 3177 ad
1699 3105 1803 3177 fidem

377 3226 535 3321 baptismi
552 3226 726 3297 redierunt
737 3226 957 3321 postmodum
970 3226 1014 3297 ad
1029 3232 1197 3298 vomitum
1208 3228 1389 3325 judaysmi.

430 3346 554 3419 Modus
571 3345 751 3442 abjurandi
775 3351 895 3418 scisma
914 3348 1115 3419 Grecorum

430 3466 553 3539 Modus
582 3466 759 3564 abjurandi
790 3482 920 3562 pestem
949 3484 982 3540 et
1009 3494 1160 3541 errorem
1189 3470 1438 3567 sortilegiorum
1466 3484 1523 3540 aut
1551 3469 1805 3540 divinacionum

379 3603 436 3659 aut
452 3592 712 3660 invocacionum
729 3588 935 3672 demonum,
954 3594 1133 3686 presertim
1148 3592 1207 3662 ubi
1224 3593 1373 3687 aliquam
1388 3605 1545 3687 saperent
1555 3592 1712 3662 heresim.

430 3711 594 3793 Doctrina
612 3736 671 3781 seu
697 3714 873 3782 instructio
894 3714 1038 3808 qualiter
1057 3716 1099 3784 sit
1121 3714 1290 3811 agendum
1313 3713 1355 3784 de
1376 3717 1530 3809 personis
1547 3728 1605 3784 aut
1627 3739 1707 3784 cum
1729 3737 1805 3808 per·

379 3836 468 3903 sonis
486 3831 665 3928 injudicio
684 3832 891 3913 consessatis,
915 3860 954 3904 ac
978 3839 1084 3906 eciam
1109 3837 1151 3906 de
1168 3836 1232 3905 illis
1250 3861 1318 3931 que
1339 3840 1438 3907 citate
1458 3851 1494 3906 et
1511 3851 1664 3931 suspecte
1683 3834 1806 3906 nolunt

380 3953 534 4025 confiteri
554 3953 732 4050 injudicio
750 3959 935 4025 veritatem.

432 4075 556 4145 Forma
574 4078 790 4147 instrumenti
806 4075 1025 4173 obligacionis
1036 4093 1068 4148 et
1082 4076 1303 4175 fideijussoris
1316 4080 1488 4148 caucionis
1503 4079 1645 4174 alicujus
1662 4075 1805 4148 conlessi

380 4195 439 4292 qui
458 4194 559 4266 luerit
576 4197 786 4268 relaxandus.
881 4270 885 4277 ,
1179 4215 1184 4225 ’

432 4316 518 4386 Item
532 4316 639 4387 forme
652 4318 681 4387 al
687 4322 786 4389 terius
802 4319 1021 4414 obligacionis
1034 4337 1065 4391 et
1077 4320 1300 4420 fideijussoris
1313 4324 1482 4393 caucionis
1495 4321 1636 4418 alicujus
1650 4320 1804 4391 nondum

381 4435 522 4508 confessi
537 4437 707 4509 relaxandi
725 4465 764 4510 ex
780 4440 893 4536 aliqua
908 4466 1016 4511 causa.

1931 825 1975 861 LBS

1874 919 2028 956 UAHUSGRITS

1936 1013 1970 1049 ott

1858 1107 1976 1145 anunente
1991 1106 2043 1143 (lbi.
