4928 6382
671 509 758 599 tlt}
1255 507 1509 595 NOTICES

669 689 819 760 tentibus
832 689 875 760 de
889 690 1030 762 crimine
1045 687 1186 767 heresis,
1199 701 1270 757 tarn
1281 688 1365 757 viris
1379 710 1484 781 quam
1501 687 1609 755 eciem
1625 681 1809 765 defunctis,
1826 698 1930 779 prout
1946 687 1983 755 in
2000 683 2094 759 libris

498 807 543 844 ω
670 814 796 881 stactis
812 809 958 905 publicis
974 809 1016 879 ad
1035 822 1234 903 perpetuam
1252 808 1301 876 rei
1313 809 1517 878 memoriam
1535 802 1811 876 conscribuntur.

443 900 597 1030 fflffm
722 931 847 1002 Forma
861 932 1049 1026 juramenti
1071 928 1242 1001 senescalli
1265 943 1298 999 et
1318 927 1498 999 curialium
1520 927 1653 997 domini
1673 928 1761 1021 regis
1775 950 1880 997 manu
1899 926 2024 999 elevata
2052 926 2094 997 ad

427 1086 544 1124 marran
558 1088 612 1125 cua.
671 1051 796 1122 librum
810 1050 1075 1146 evangeliorum.

720 1171 850 1243 Eadem
866 1184 916 1242 est
931 1169 1042 1242 lorma
1052 1174 1239 1267 juramenti
1258 1171 1451 1242 consulum.

719 1293 900 1363 Sentencia
920 1294 1288 1364 excommunicacionis
1306 1308 1424 1363 contre
1440 1287 1667 1386 impedientes
1679 1289 1833 1361 officium
1849 1292 2091 1386 inquisicionis.

718 1414 769 1487 Ad
783 1418 928 1510 graciam
945 1414 989 1486 de
1005 1414 1163 1486 crucibus
1179 1413 1401 1509 deponendis.

718 1536 843 1607 Forma
860 1535 1029 1608 educendi
1045 1535 1089 1607 de
1108 1560 1209 1607 muro
1229 1561 1307 1606 cum
1327 1533 1485 1605 crucibus
1504 1549 1538 1604 et
1562 1533 1897 1630 peregrinacionibus
1920 1549 1952 1605 et
1969 1535 2094 1631 regulis

667 1658 803 1730 vivendi
821 1658 1048 1753 generalibus.

719 1779 842 1851 Modus
854 1779 1017 1851 recitandi
1031 1780 1159 1874 culpes.

718 1900 843 1971 Modus
855 1904 1064 1971 conveniens
1080 1898 1259 1994 abjurandi
1275 1899 1420 1969 heresim
1437 1902 1473 1968 in
1487 1898 1624 1995 juditio.

718 2022 843 2093 Forma
862 2036 895 2092 et
907 2023 1030 2092 modus
1043 2020 1272 2092 absolucionis
1288 2044 1307 2090 a
1325 2024 1490 2091 sententia
1508 2022 1885 2091 excommunicacionis.

720 2143 842 2215 Forma
862 2141 905 2212 ad
919 2142 1171 2237 imponendum
1187 2142 1413 2236 penitenciam
1429 2144 1747 2237 peregrinacionum
1763 2143 1835 2211 sine
1852 2140 2021 2211 crucibus.

718 2264 843 2333 Forma
865 2265 1056 2357 penitencie
1081 2262 1254 2334 arbitrarie
1285 2262 1328 2333 de
1352 2262 1509 2333 crucibus
1537 2277 1570 2331 et
1594 2261 1931 2357 peregrinacionibus
1961 2276 1995 2332 et
2019 2264 2092 2333 aliis

664 2383 888 2479 generalibus.

718 2506 867 2577 Monicio
883 2519 1001 2576 cenna
1019 2505 1094 2575 illos
1112 2507 1169 2601 qui
1186 2504 1328 2575 irrident
1345 2504 1597 2575 autmolestant
1612 2508 1872 2601 crucesignatos
1886 2531 1983 2576 snam
2000 2509 2092 2600 peni·

668 2630 815 2697 teuciam
831 2624 1003 2696 facientes.

719 2749 744 2818 F
747 2773 843 2819 orma
859 2748 1032 2819 sentencie
1048 2766 1082 2817 et
1097 2748 1290 2842 penitencie
1306 2746 1615 2819 immnrandernm.

720 2869 745 2938 F
748 2894 843 2939 erma
863 2873 1034 2940 sentencie
1052 2884 1169 2940 contra
1193 2868 1341 2964 aliquem
1360 2868 1482 2939 falsum
1499 2884 1620 2941 testem
1635 2872 1693 2964 qui
1714 2869 1880 2939 malitiose
1898 2882 2015 2939 centra
2034 2870 2092 2939 ali-

665 3016 770 3086 quem
787 2990 841 3060 rel
859 2990 987 3085 aliquos
1005 2992 1202 3060 innocentes
1222 2988 1305 3061 falso
1320 2989 1492 3085 deposuit,
1507 2991 1623 3061 volens
1638 3014 1697 3061 eos
1711 2990 1879 3061 involvere
1897 2993 1932 3059 in
1949 2993 2091 3061 crimine

665 3111 813 3182 heretice
827 3114 1006 3206 pravitatis.

716 3233 842 3304 Forma
859 3236 1032 3303 sentencie
1046 3230 1264 3327 lirgitirorum
1281 3256 1345 3326 pro
1364 3230 1472 3302 heresi
1493 3232 1536 3303 de
1554 3259 1622 3329 qua
1640 3247 1698 3303 ant
1715 3232 1852 3303 luerunt
1873 3229 2014 3303 confessi
2035 3247 2092 3302 aut

666 3359 825 3435 convicti,
846 3369 903 3425 aut
921 3368 1104 3449 utrumque
1123 3354 1239 3434 simul,
1260 3368 1294 3423 et
1315 3352 1559 3424 nichilominus
1578 3352 1793 3449 aufugerunt.

717 3477 802 3546 ltem
834 3476 897 3545 alia
929 3474 1038 3546 lorma
1074 3474 1267 3546 declarandi
1297 3489 1330 3544 et
1364 3476 1615 3569 pronunciandi
1654 3491 1688 3547 et
1724 3475 1973 3546 sentencialiter
2010 3499 2092 3546 con·

665 3594 874 3690 dempnandi
898 3611 1114 3666 contumaces
1138 3599 1172 3664 in
1196 3620 1295 3665 causa
1321 3593 1417 3679 fidei,
1446 3611 1629 3694 postquam
1653 3622 1865 3692 perannum
1892 3597 2092 3691 etamplius

665 3720 1030 3787 excommunicacionis
1050 3720 1256 3788 sentenciam
1279 3742 1343 3812 pro
1365 3716 1454 3789 dicta
1477 3722 1691 3790 contumacia
1718 3722 1950 3789 sustinuerunt
1972 3723 2091 3789 animis

665 3840 881 3931 pertinaciter
898 3838 1072 3908 induratis.

716 3960 840 4030 Forma
863 3965 1032 4030 sentencie
1061 3965 1425 4031 excommunicacionis
1447 3960 1585 4032 fereude
1611 3966 1647 4032 in
1670 3986 1828 4032 sermone
1851 3965 2091 4057 inquisitorum

664 4080 803 4174 publico
821 4082 875 4150 vel
895 4085 930 4149 in
954 4083 1017 4151 alia
1038 4080 1175 4176 publica
1197 4086 1346 4153 stacione
1367 4097 1487 4153 centra
1511 4108 1673 4178 personas
1696 4096 1827 4153 notatas
1847 4081 2035 4154 diffamatae
2058 4096 2093 4151 et

663 4186 832 4295 suspectas
847 4201 890 4272 de
906 4202 1015 4272 heresi
1034 4228 1073 4271 ac
1090 4227 1153 4297 pro
1170 4203 1280 4272 heresi
1295 4200 1465 4297 fugitivas,
1485 4190 1664 4298 postquam
1679 4205 1778 4272 citate
1794 4204 1958 4273 canonice
1974 4226 2090 4296 parere

662 4321 911 4423 subterfugiunt
926 4337 958 4392 et
975 4327 1222 4394 contumaciter
1238 4349 1272 4394 se
1282 4322 1468 4393 absentant.

715 4445 839 4517 Forma
867 4449 1037 4517 sentencie
1063 4424 1210 4540 religiosi
1241 4446 1450 4517 immorandi
1479 4460 1512 4516 et
1540 4444 1746 4542 degradandi
1776 4449 1896 4542 quise
1933 4448 2091 4540 opposuit

663 4564 776 4636 officio
795 4569 1027 4662 inquisicionis
1045 4570 1080 4637 in
1102 4564 1250 4638 savorem
1274 4583 1308 4638 et
1326 4565 1561 4639 defensionem
1579 4591 1804 4662 personarum
1825 4565 2092 4661 condempnata-

661 4710 739 4755 rum
758 4711 821 4781 pro
848 4688 973 4769 heresi,
994 4687 1084 4758 unde
1102 4690 1244 4759 incurrit
1257 4694 1465 4761 sentenciam
1482 4692 1866 4769 excommunicacionis,
1885 4714 1988 4785 quam
2002 4689 2090 4757 ultra

661 4832 791 4876 annum
820 4813 976 4879 sustinuit
994 4814 1109 4881 animo
1128 4816 1310 4904 pertinaci,
1336 4836 1465 4907 exque
1489 4826 1591 4882 restat
1617 4811 1709 4907 quod
1734 4825 1785 4882 est
1806 4809 1900 4882 velut
1924 4809 2090 4880 hereticus
