4928 6382
1249 454 1507 544 NOTICES

402 660 625 671 *aa—u·

493 763 538 800 ω
1329 748 1421 821 VIII

437 856 593 894 uetustum

498 949 532 986 na
902 923 993 993 atcrr
1012 942 1070 992 rsa
1089 940 1309 991 scarionem
1329 940 1371 988 nr
1390 938 1429 989 ta
1448 918 1593 988 nivocrr
1610 934 1669 987 oss
1690 936 1858 987 scammis

421 1041 540 1079 saisias
554 1042 607 1081 ⁰⁰¹·
1055 1062 1181 1113 corrue
1200 1067 1255 1112 css
1272 1058 1493 1121 rnomsrrsons
1511 1063 1549 1110 ss
1574 1037 1701 1111 13011.

715 1239 912 1314 Notandum
927 1254 1041 1310 autem
1066 1214 1121 1311 est
1131 1237 1187 1309 hic
1204 1237 1414 1334 presentibus
1429 1251 1464 1308 et
1479 1238 1619 1333 posteris
1636 1234 1835 1316 incidenter,
1859 1261 1903 1306 ne
1918 1234 2092 1309 abhorres·

664 1377 742 1435 cant
760 1375 901 1460 proptor
917 1360 1074 1432 adversos
1096 1385 1206 1444 casus,
1226 1359 1321 1458 quod
1342 1358 1555 1455 temporibus
1577 1372 1610 1430 et
1631 1360 1727 1428 annis
1748 1359 1819 1429 istis
1840 1362 2094 1429 insurrexerunt

664 1486 763 1557 multi
779 1483 987 1564 hereticales,
1010 1497 1067 1554 aut
1084 1481 1263 1578 degenere
1279 1480 1530 1563 hereticalium,
1549 1478 1592 1550 de
1609 1478 1704 1551 Albia
1728 1493 1761 1550 et
1780 1477 1823 1550 de
1840 1477 1996 1562 Cordua,
2014 1504 2093 1552 con·

663 1607 802 1679 federati
820 1632 900 1677 cum
917 1604 1238 1678 Carcassonensibus
1260 1608 1295 1675 in
1313 1604 1458 1685 maium,
1482 1616 1780 1698 conveneruntque
1800 1606 1836 1674 in
1852 1627 1960 1675 unum
1976 1617 2091 1674 contra

665 1729 817 1801 officium
832 1730 1062 1824 inquisitionis
1080 1741 1112 1797 et
1122 1741 1239 1797 contra
1254 1728 1466 1821 inquisitores
1482 1704 1628 1795 heretice
1643 1726 1812 1820 pravitatis
1826 1748 1960 1794 necnon
1976 1740 2092 1797 contra

664 1850 845 1922 dominum
870 1847 1082 1920 Bernardum
1107 1846 1149 1919 de
1174 1848 1368 1928 Castaneto,
1396 1849 1595 1942 episcopum
1623 1844 1831 1923 Aibiensem,
1859 1848 2034 1917 occasione
2059 1860 2092 1915 et

665 1996 762 2042 causa
780 1972 857 2066 quia
876 1967 1208 2064 condempnaverunt
1224 1966 1392 2065 quosdam
1410 1965 1453 2037 de
1467 1966 1563 2037 Albia
1582 1982 1615 2037 et
1633 1964 1676 2036 de
1690 1964 1828 2037 Cordus
1845 1965 1938 2037 etde
1955 1965 2093 2063 quibus

665 2089 744 2161 dam
763 2089 845 2161 locis
862 2088 934 2160 aliis
952 2088 1103 2187 dyocesis
1120 2087 1291 2195 albiensis·
1303 2114 1367 2184 pro
1385 2090 1527 2158 crimine
1544 2086 1685 2168 heresis,
1707 2084 1751 2157 de
1769 2113 1837 2183 quo
1856 2085 1999 2158 confessi
2021 2085 2092 2158 iue-

665 2225 740 2281 rant
764 2223 798 2281 et
819 2210 980 2292 convicti,
1005 2210 1273 2305 calumpniantes
1296 2223 1328 2280 et
1350 2213 1575 2304 inpugnantes
1599 2206 1831 2303 multipliciter
1851 2210 2035 2279 sentencias
2060 2223 2093 2279 et

659 2306 829 2431 judicium
852 2332 1069 2416 eorumdem,
1095 2346 1373 2429 opponentesque
1394 2330 1608 2402 difficultates
1624 2345 1658 2401 et
1676 2329 1847 2402 obstacula
1867 2356 1911 2402 ne
1932 2330 2090 2427 procede·

664 2468 740 2526 rent
751 2455 894 2550 amplius
907 2470 1024 2526 contra
1040 2453 1207 2551 quosdam
1222 2454 1304 2525 alios
1319 2453 1362 2525 de
1373 2452 1470 2525 dictis
1488 2453 1570 2524 locis
1588 2456 1646 2549 qui
1659 2452 1826 2523 restabant
1844 2466 1876 2523 et
1891 2468 1986 2524 erant
1997 2478 2093 2525 accu-

664 2581 724 2648 sati
740 2591 774 2647 et
792 2581 935 2672 suspecti
950 2576 992 2649 de
1010 2577 1141 2649 heresi²
1152 2548 1385 2657 vehementer,
1402 2579 1479 2647 totis
1494 2575 1671 2647 conatibus
1679 2574 1847 2646 inhiantes
1863 2589 1903 2646 ut
1917 2600 2094 2671 processus
2190 2628 2197 2650 .

664 2702 905 2794 inquisitorum
920 2713 953 2769 et
967 2701 1115 2794 episcopi
1130 2697 1318 2769 inficiarent
1334 2712 1366 2768 et
1382 2697 1611 2779 diffamarent,
1623 2711 1797 2795 totamque
1814 2700 1958 2794 patriam
1976 2714 2093 2769 contra

665 2822 755 2914 ipsos
770 2822 983 2916 inquisitores
1001 2835 1035 2891 et
1049 2823 1263 2916 episcopum,
1281 2846 1361 2891 cum
1376 2818 1491 2891 multis
1508 2818 1597 2891 salsis
1613 2819 1878 2916 suggestionibus
1888 2832 1922 2917 et
1938 2817 2094 2890 diffama-

665 2939 835 3025 cionibus,
854 2946 1081 3024 concitarunt,
1106 2942 1341 3041 quosdamque
1365 2940 1465 3013 iaIsos
1486 2941 1615 3012 rotulos
1639 2945 1780 3014 nomine
1797 2943 2037 3037 inquisitorum
2060 2955 2094 3010 et

666 3065 814 3158 episcopi
832 3060 995 3134 confictos
1010 3063 1265 3162 divulgaverunt
1284 3090 1345 3160 per
1364 3064 1456 3136 viIIas
1476 3080 1510 3134 et
1526 3063 1675 3145 castella,
1696 3067 1732 3134 in
1751 3064 1875 3161 quibus
1892 3061 2094 3134 dicebantur

665 3183 853 3255 multorum
870 3187 1083 3258 vivorum.ac
1103 3184 1342 3258 defunctorum
1361 3188 1502 3256 nomina
1521 3188 1687 3257 contineri
1706 3189 1765 3283 qui
1785 3200 1879 3258 erant
1896 3189 2094 3257 innocentes

665 3318 698 3375 et
715 3309 857 3388 innoxii,
874 3308 910 3376 in
928 3306 1147 3379 multitudine
1169 3306 1358 3379 incredibili
1377 3324 1409 3378 et
1426 3308 1505 3378 alias
1522 3307 1687 3388 inaudita,
1707 3323 1746 3379 ut
1760 3310 1806 3379 sic
1824 3305 1926 3378 corda
1942 3306 2094 3402 plurium

665 3430 887 3508 concitarent,
899 3427 1121 3525 feceruntque
1136 3431 1170 3499 in
1184 3428 1313 3525 popuio
1327 3427 1533 3500 sedicionem
1548 3433 1746 3514 maximam
1763 3433 1942 3525 conatique
1956 3427 2094 3500 suerunt

665 3546 847 3621 dominum
873 3574 987 3646 regem
1013 3551 1038 3621 F
1039 3555 1152 3623 rancie
1178 3576 1218 3621 ac
1242 3555 1395 3648 reginam
1423 3566 1604 3650 totumque
1630 3554 1717 3648 regis
1744 3551 1925 3624 consilium
1951 3577 1990 3623 ac
2021 3554 2094 3646 ejus

666 3673 795 3741 curiam
810 3675 978 3744 concitare
988 3672 1059 3767 sub
1075 3676 1187 3769 specie
1202 3676 1347 3769 pietatis,
1366 3672 1604 3772 pretendentes
1621 3676 1836 3770 iniquitatem
1854 3676 2092 3770 inquisitorum

667 3806 700 3861 et
722 3795 871 3890 episcopi
888 3819 928 3865 ac
948 3820 1169 3890 processuum
1193 3795 1409 3878 eorumdem,
1430 3794 1700 3891 condempnatos
1718 3821 1798 3867 vero
1816 3793 2037 3891 justificantes
2060 3808 2094 3864 et

665 3912 848 3990 cethoiicos
866 3930 1064 4002 asserentem
1082 3931 1131 3988 set
1147 3920 1287 3989 mentita
1303 3933 1353 3989 est
1373 3920 1530 4013 iniquitas
1545 3915 1623 4003 sibi,
1644 3932 1677 3988 et
1690 3921 1810 3988 veritas
1823 3942 1893 3987 non
1915 3914 2039 3987 defecit
2057 3918 2092 3985 in

665 4032 790 4118 finem;
806 4039 966 4135 missique
981 4036 1118 4109 fuerunt
1134 4065 1152 4109 a
1166 4038 1308 4111 domino
1321 4037 1477 4136 Philippo
1492 4063 1569 4133 rege
1579 4037 1606 4108 F
1608 4042 1735 4120 rancia,
1756 4039 1798 4110 ad
1812 4041 2092 4135 procuracionem

703 4242 710 4273 ¹
730 4240 830 4295 Extrsit
844 4240 878 4295 de
889 4240 1014 4296 I’bistoire
1023 4240 1059 4295 du
1075 4253 1187 4296 contem
1196 4241 1242 4297 des
1251 4242 1339 4297 Domi·
1415 4241 1497 4314 Peges
1509 4242 1654 4315 ²37·239};
1674 4240 1728 4296 tte
1744 4242 1810 4296 suite
1827 4240 1863 4295 du
1877 4251 1958 4303 tene,
1976 4240 2095 4296 i'iditeur

665 4333 764 4387 nicsins
776 4332 880 4408 durh„
891 4354 940 4389 ms.
959 4335 1011 4406 ²7³
1023 4333 1057 4388 de
1071 4333 1216 4395 Touiouse,
1229 4333 1273 4387 soi.
1286 4352 1337 4405 ²¹7
1416 4354 1430 4389 a
1444 4335 1531 4409 ajoute'
1544 4353 1588 4390 ces
1600 4346 1684 4391 mots:
1701 4335 1816 4389 ‹Extrsit
1829 4334 1890 4389 d'un
1906 4335 2050 4391 manuscrit
2061 4335 2094 4390 de

666 4429 756 4499 v⁰·arq
774 4429 812 4491 ἡ
830 4445 879 4481 ms.
900 4427 954 4499 780
974 4425 1007 4480 ds
1025 4426 1171 4487 Bordeaur,
1186 4425 1231 4481 soi.
1247 4428 1339 4501 97-98.
1420 4428 1487 4483 1312
1507 4428 1601 4503 depost
1618 4448 1667 4484 aux
1682 4429 1796 4484 ambires
1808 4428 1841 4483 de
1858 4429 1882 4483 Ia
1898 4428 2042 4503 prefectum
2055 4427 2093 4484 du

665 4518 706 4573 Un
721 4518 849 4593 fragment
865 4520 898 4575 de
915 4539 944 4574 cc
961 4537 1082 4575 morceau
1099 4538 1114 4574 a
1130 4521 1171 4575 dte?
1188 4519 1277 4595 public
1295 4539 1341 4595 par
1415 4523 1511 4578 Tarsi.»
1529 4521 1550 4576 II
1570 4541 1627 4577 sera
1643 4522 1764 4598 question
1781 4523 1814 4576 de
1832 4541 1863 4578 ce
1885 4542 1935 4579 ms¹
1949 4520 2010 4598 pius
2022 4522 2091 4583 Ioin,

664 4612 700 4666 M.
717 4612 757 4666 CI.
774 4613 918 4687 Compayrd
938 4596 1043 4686 (iituder
1060 4612 1204 4688 historiques
1224 4626 1246 4668 et
1266 4612 1340 4669 docu-
1416 4614 1530 4670 dansies
1544 4627 1617 4671 notes
1627 4616 1835 4671 additionnelles.

664 4717 739 4759 ments
753 4703 838 4759 intutu
851 4725 895 4761 sur
909 4705 1060 4782 Idlbipeois,
1078 4705 1101 4760 ie
1117 4706 1226 4762 Costmis
1238 4720 1261 4762 st
1276 4706 1339 4762 Iou-
1453 4712 1463 4742 ²
1482 4711 1532 4764 Les
1547 4720 1614 4765 mets
1630 4707 1660 4764 de
1677 4709 1754 4766 heresi
1768 4722 1911 4787 mtnquent
1925 4710 1989 4766 dans
2003 4709 2030 4766 Ie
2042 4729 2091 4765 ms.

665 4798 716 4852 rien
740 4796 834 4854 dircite
857 4797 887 4854 de
916 4799 1021 4855 Iatour.
1048 4800 1114 4855 sibi.
1143 4803 1221 4861 1841.
1248 4803 1337 4861 in-t⁰.
1416 4800 1600 4858 deBordeaux.
