4928 6382
834 515 944 600 DES
982 513 1373 602 MANUSCRITS.
1731 519 1812 603 1121

395 694 609 792 corrigendas
634 706 667 764 et
694 691 878 763 elimandas
906 707 977 762 tam
1004 692 1084 763 lima
1108 696 1206 763 vestri
1236 693 1425 764 excellentis
1449 696 1575 788 ingenii
1602 719 1706 788 quam
1734 695 1818 764 libra
1858 713 2083 727 ···-······

391 817 510 912 judicii
527 818 784 912 preeminentis,
809 816 917 886 sciens
936 814 1031 909 quod
1052 813 1218 909 quidquid
1240 814 1460 909 probaveritis
1482 818 1517 884 in
1542 814 1669 885 eisdem
1687 814 1818 886 bonurn
1951 814 1994 848 '¹⁵⁴³

397 941 459 1009 erit
477 953 510 1008 et
531 937 666 1017 melius,
687 949 721 1006 et
737 934 831 1032 quod
851 939 1060 1006 correxeritis
1078 938 1141 1005 erit
1162 950 1305 1006 rectum.
1324 937 1491 1031 Suscipiat
1512 940 1639 1031 itaque,
1661 936 1817 1015 obsecro,
1893 907 2050 1037 ’,Ἥκω

396 1059 575 1130 benedicta
591 1060 772 1129 sanctitatis
793 1072 902 1129 vestre
924 1082 1045 1127 manus
1067 1059 1219 1138 interim,
1239 1059 1334 1152 quasi
1358 1056 1443 1127 duos
1466 1056 1658 1151 manipulos
1677 1056 1818 1139 llorum,
1878 1093 2062 1131 aususausus

301 1262 307 1269 ,
397 1185 546 1277 priorem
564 1179 722 1251 videlicet
740 1204 779 1249 ac
796 1178 982 1250 secundam
1003 1192 1136 1274 partem
1159 1178 1313 1273 ejusdem
1334 1179 1471 1274 Speculi
1488 1179 1698 1261 sanctoralis,
1719 1195 1821 1275 prout

398 1305 432 1373 in
454 1302 641 1397 prelatione
659 1303 938 1399 sequentitotius
954 1303 1065 1394 operis
1083 1298 1330 1381 deseribuntur,
1352 1298 1463 1370 donec
1479 1300 1600 1395 reliqui
1623 1299 1692 1370 duo
1715 1304 1822 1370 mani-

397 1423 468 1519 puli
487 1422 612 1494 [lorum
633 1420 785 1517 ejusdem
803 1421 940 1516 Speculi
959 1421 1152 1492 sanctoralis
1168 1420 1301 1491 collecti
1321 1418 1447 1491 suerint
1469 1434 1502 1491 et
1519 1424 1714 1516 conscripti,
1733 1447 1822 1491 unus

396 1544 551 1615 videlicet
568 1543 611 1616 de
627 1547 709 1615 rosis
728 1557 915 1639 martyrum
936 1556 970 1613 et
989 1556 1179 1637 postremus
1197 1541 1240 1612 de
1256 1541 1489 1614 consessorum
1505 1542 1601 1612 violis
1617 1556 1650 1612 et
1664 1543 1740 1613 liliis
1759 1547 1823 1613 vir-

397 1670 530 1761 ginum,
555 1669 582 1735 si
604 1668 671 1736 vita
693 1690 808 1735 comes
834 1664 935 1734 fuerit
959 1688 1039 1734 cum
1064 1665 1185 1745 salute,
1213 1664 1287 1735 Deo
1315 1666 1463 1759 propitio
1488 1678 1519 1734 et
1545 1679 1668 1736 actore.
1695 1664 1822 1734 Datum

397 1787 581 1864 Avenioni,
603 1785 684 1856 Xlll
697 1784 857 1856 kalendas
871 1784 1026 1880 Augusti,
1043 1784 1257 1879 pontificatus
1273 1788 1374 1857 vestri
1393 1810 1483 1855 anno
1500 1809 1572 1867 vrrr,
1588 1783 1689 1859 Verbi
1708 1799 1821 1855 autern

397 1911 560 1979 incarnati
577 1933 602 1980 u
615 1931 672 1979 ccc
686 1933 772 1980 xxiv.

1079 2122 1145 2194 XX

802 2301 941 2369 astares
960 2301 1122 2369 eiulans
1139 2323 1178 2368 nu
1200 2302 1415 2370 saucroaaul

450 2514 572 2610 lncipit
598 2513 740 2609 prelatio
762 2517 869 2584 tocius
896 2516 1008 2608 operis
1030 2512 1073 2584 de
1097 2517 1264 2585 contentis
1285 2517 1320 2584 in
1343 2539 1383 2584 eo
1408 2527 1442 2584 et
1469 2513 1512 2584 de
1536 2512 1654 2584 ordine
1681 2528 1822 2584 conten·

398 2650 524 2706 torum.

449 2757 576 2829 Aureas
600 2772 794 2828 sanctorum
823 2761 922 2840 vitas,
947 2772 1023 2852 post
1050 2758 1201 2828 inclitam
1224 2784 1342 2829 eorum
1366 2761 1470 2828 vitam
1496 2783 1723 2854 magnamque
1745 2756 1825 2828 fidei

398 2882 645 2959 constanciam,
669 2894 702 2950 et
718 2883 877 2951 virtutem
896 2892 997 2973 atque
1013 2878 1182 2948 bonorum
1202 2904 1346 2973 operum
1364 2904 1471 2974 usque
1493 2882 1528 2948 in
1549 2876 1655 2949 linem
1674 2904 1826 2974 perseve-

398 3004 566 3081 ranciam,
587 3026 722 3070 summo
740 3014 934 3070 sanctorum
953 3014 1089 3093 patrum
1112 2998 1224 3070 studio
1240 3002 1464 3094 investigatas,
1485 3014 1518 3070 et
1534 2999 1708 3070 codicibus
1724 3014 1825 3096 atque

399 3121 550 3216 apicibus
574 3119 754 3190 studiosius
777 3118 1053 3199 commendatas,
1079 3117 1255 3189 moderata
1276 3122 1440 3213 presentis
1465 3124 1576 3216 operis
1598 3120 1825 3215 compendio-

398 3245 475 3311 sitas
492 3240 672 3331 conabitur
690 3240 866 3334 explicare.
890 3238 1002 3313 Nicbil
1020 3243 1113 3310 enim
1134 3240 1359 3335 intelligeocie
1374 3239 1561 3311 faciliorem
1583 3254 1680 3336 parat
1696 3240 1825 3315 aditum

398 3388 503 3458 quarn
527 3362 671 3432 brevitas
693 3387 762 3432 non
790 3361 942 3433 obscura.
970 3361 1173 3433 Sanctorum
1201 3365 1314 3458 itaque
1337 3362 1495 3458 legendas
1513 3377 1642 3434 veteres
1665 3377 1698 3433 et
1721 3389 1826 3436 novas

399 3483 565 3577 relegens,
586 3495 619 3552 et
639 3507 677 3552 ea
696 3485 849 3577 utrisque
865 3508 936 3553 non
960 3508 1047 3554 nova
1067 3481 1244 3564 cudendo,
1265 3483 1321 3554 sed
1342 3487 1482 3579 pociora
1505 3482 1676 3580 eligend0,
1700 3498 1826 3579 preter-

398 3606 506 3673 missis
521 3601 676 3697 apocrilrs
693 3617 793 3698 atque
808 3603 1001 3698 superfluis,
1019 3617 1185 3699 quantum
1200 3604 1308 3685 licuit,
1326 3607 1494 3685 resecatis,
1510 3608 1647 3675 veritate
1663 3619 1777 3675 tamen
1793 3621 1827 3677 et

399 3728 588 3819 integritate
614 3725 761 3822 hystorie
786 3750 920 3819 semper
943 3725 1048 3805 salva,
1077 3729 1111 3795 in
1135 3751 1244 3795 unum
1270 3726 1427 3820 colligere
1452 3725 1564 3797 studui
1590 3752 1656 3823 que
1678 3725 1826 3822 dispersa

400 3845 656 3917 inveniebantur
674 3849 708 3916 in
726 3846 856 3925 multis,
876 3850 1060 3917 autenticas
1077 3850 1254 3942 scripturas
1276 3862 1309 3918 et
1325 3848 1398 3918 illas
1416 3873 1500 3943 quas
1516 3847 1670 3919 Romana
1688 3847 1825 3918 ecclesia

400 3993 616 4064 nequaquam
633 3971 755 4062 suscipi
771 3966 945 4062 prohibet,
964 3982 1034 4038 tam
1049 3970 1185 4038 caucius
1203 3995 1306 4065 quam
1319 3971 1428 4039 tucius
1441 3972 1476 4038 in
1490 3968 1700 4065 hujusmodi²
1714 3993 1826 4063 prose-

399 4087 553 4182 quendo,
572 4092 607 4157 in
625 4113 696 4159 uno
713 4092 935 4184 compingam
958 4115 1062 4184 opere
1083 4104 1230 4186 quatuor
1245 4089 1397 4184 partibus
1413 4093 1632 4185 compartito,
1652 4116 1695 4160 ne
1718 4115 1827 4186 quan-

398 4212 473 4279 titas
491 4212 590 4279 unius
607 4210 790 4281 voluminis
810 4213 915 4280 nimia
934 4210 1104 4281 videretur
1121 4226 1154 4281 et
1171 4225 1268 4291 esset,
1291 4226 1324 4281 et
1343 4227 1380 4282 ut
1396 4215 1500 4307 possit
1517 4210 1635 4281 haberi
1652 4235 1729 4306 pars
1746 4235 1827 4305 que·

399 4329 483 4399 libet
505 4330 703 4401 earumdem
719 4330 877 4401 ‘distincta
897 4331 1085 4403 secundum
1109 4337 1282 4429 propriam
1307 4337 1483 4404 materiam
1508 4336 1544 4402 in
1564 4359 1625 4403 suo
1653 4333 1826 4449 vplumine

438 4563 445 4592 ¹
465 4559 528 4613 Mes.
540 4559 616 4613 latins
629 4561 716 4621 stoc.
733 4560 777 4615 iol.
794 4562 1025 4634 15—5io7,iol.
1041 4564 1074 4628 F;
1150 4565 1232 4637 partic
1249 4583 1297 4637 par
1314 4563 1417 4625 Labbe,
1439 4565 1508 4618 Nova
1528 4562 1686 4626 bibliotheca,
1705 4565 1743 4626 11.
1762 4567 1826 4625 διά.

401 4685 436 4693 -
460 4652 543 4725 973¹,
566 4651 610 4707 soi.
636 4675 659 4708 1.
681 4682 720 4696 -
740 4654 791 4708 Ms.
816 4638 861 4714 ct'
872 4656 905 4710 de
931 4655 1074 4718 Toulouse,
1187 4660 1197 4690 ¹
1216 4658 1265 4712 Les
1281 4667 1348 4712 mots
1364 4657 1388 4712 in
1408 4655 1547 4733 lajasncdi
1561 4670 1702 4733 manquent
1718 4659 1782 4713 dans
1802 4657 1827 4712 Ιι

405 4750 438 4798 ι’·
452 4748 548 4820 partie,
560 4747 604 4802 sol.
622 4769 698 4813 ις-
713 4752 800 4803 meme
813 4749 967 4809 manuscrit.
982 4753 1008 4803 α·
1018 4768 1075 4823 par·
1150 4751 1260 4806 seconde
1272 4751 1355 4825 partie
1364 4750 1401 4806 du
1416 4745 1464 4807 nis.
1480 4754 1515 4812 ot
1530 4752 1562 4807 dc
1575 4752 1705 4809 'l'oulouse
1721 4764 1746 4808 ct
1763 4752 1827 4808 dans

402 4841 448 4902 tia,
458 4839 503 4895 iol.
516 4862 524 4894 ι
535 4864 542 4907 3
555 4873 590 4882 -
602 4861 651 4897 ms.
669 4846 736 4901 rori
749 4842 782 4897 de
793 4843 884 4898 Tours.
896 4843 1032 4899 -Publie'
1043 4862 1075 4898 cn
1150 4842 1238 4900 lema
1254 4845 1336 4918 97³¹·
