4928 6382
504 817 548 853 ΜΒ

447 912 602 949 naturantis

505 1005 538 1041 DE

432 1097 549 1135 omnino
564 1098 617 1137 flul.

677 519 762 605 [112
1259 512 1514 600 NOTICES

726 694 919 767 incidenter
944 693 1007 765 sub
1033 691 1236 788 compendio
1259 691 1427 786 colligitur
1452 688 1713 760 fundamentum
1741 688 1863 759 erroris
1887 704 1978 762 secte
2003 692 2099 763 istius

675 820 869 912 apostatice,
895 815 1064 910 simulque
1094 813 1231 884 eliditur
1257 835 1440 882 erroneum
1464 809 1702 897 fulsimentum
1723 807 1894 904 ejusdem,
1920 826 1953 881 et
1976 815 2099 885 veritas

676 936 874 1016 declaratur,
896 950 935 1006 ut
947 938 994 1005 sic
1013 936 1168 1028 opposita
1190 931 1233 1003 ad
1250 934 1394 1004 invicem
1411 945 1605 1026 comparata
1621 931 1725 1025 magia
1749 943 1886 1023 pateant
1905 945 1938 1001 et
1956 932 2099 1005 lucidius

675 1056 847 1154 patefiant.

729 1180 849 1249 Forma
872 1181 1043 1248 sentencie
1063 1175 1315 1272 degradacicnis
1337 1188 1370 1243 et
1397 1178 1654 1245 immuracionis
1676 1187 1794 1244 eontra
1816 1174 1966 1270 aliquem
1992 1198 2099 1245 sacer-

675 1299 792 1370 dotem
814 1298 1022 1395 religiosum‚
1043 1295 1252 1376 maleficum,
1272 1295 1469 1390 sortilegum
1493 1309 1526 1366 ct
1545 1294 1750 1392 ydolatram‚
1773 1309 1875 1390 atque
1894 1294 2098 1366 demonibus

675 1419 926 1498 immolantem.
946 1422 1005 1515 qui
1029 1415 1264 1514 degradandus
1282 1431 1315 1486 et
1334 1416 1570 1487 immutandus
1583 1414 1697 1496 hierit,
1719 1441 1758 1486 ex
1777 1441 1817 1487 eo
1835 1419 1911 1512 qnia
1929 1415 2019 1486 dicta
2034 1420 2098 1486 cri·

670 1546 766 1619 ¹mina
776 1597 782 1621 .
792 1544 952 1636 precipue
968 1540 1163 1610 immolacio
1178 1537 1383 1618 demonum,
1397 1563 1435 1606 ex
1446 1552 1565 1607 natura
1574 1535 1649 1607 lacti
1658 1592 1665 1618 ,
1674 1539 1821 1631 pensatis
1833 1539 2099 1609 circumstanciis

676 1676 709 1732 et
726 1661 835 1734 modo
853 1659 1013 1743 faciendi,
1034 1684 1186 1731 errorem
1204 1660 1239 1729 in
1257 1656 1326 1729 lide
1342 1661 1521 1728 continent
1538 1672 1573 1727 et
1589 1659 1725 1752 sapiunt
1744 1657 1892 1728 heresim
1909 1656 2095 1730 manifeste.

727 1783 852 1853 Forma
869 1785 1041 1854 sentencie
1057 1779 1310 1877 degradacicnis
1328 1793 1361 1849 et
1374 1781 1629 1850 immuracionis
1645 1793 1763 1850 contra
1780 1780 1929 1875 aliquem
1947 1780 2098 1851 sacerdo·

676 1921 746 1975 tem
760 1903 1024 1998 rebaptizantem
1040 1902 1195 1971 homines
1209 1904 1271 1970 rite
1284 1902 1376 1994 prius
1390 1903 1425 1968 in
1443 1898 1553 1969 forma
1571 1899 1710 1969 ecclesie
1722 1897 1917 1994 baptizatos.

729 2025 851 2095 Forma
875 2026 1043 2094 sentencie
1068 2019 1323 2119 degradacionis
1346 2034 1380 2091 et
1402 2023 1657 2090 immuracionis
1676 2034 1793 2090 contra
1820 2021 1967 2116 aliquem
1992 2046 2098 2093 sacer·

677 2148 792 2217 dotem
808 2158 865 2215 aut
882 2170 1062 2240 personam
1078 2144 1333 2213 ecclesiasticam
1346 2141 1570 2235 baptizantem
1582 2143 1755 2238 ymagines
1768 2144 1803 2209 in
1814 2138 1965 2213 fontibus
1978 2141 2100 2237 baptis-

676 2267 822 2337 malibus
837 2266 881 2337 ad
895 2271 1010 2362 quevis
1028 2265 1193 2358 sortilegia
1215 2277 1274 2333 aut
1291 2259 1456 2333 maleficia
1474 2261 1710 2357 perpetranda.

727 2389 852 2459 Forma
871 2390 1044 2458 sentencie
1056 2386 1313 2454 immuracionis
1327 2409 1407 2453 cum
1423 2388 1518 2477 signo
1534 2382 1643 2453 hostie
1658 2383 1803 2455 rotunde
1816 2398 1933 2455 contra
1951 2383 2096 2480 aliquam

675 2534 855 2604 personam
872 2534 938 2605 que
958 2507 999 2578 de
1014 2521 1139 2578 etcum
1157 2529 1300 2599 corpore
1319 2505 1442 2574 Christi
1457 2504 1666 2598 sortilegium
1680 2519 1738 2576 aut
1758 2502 1963 2575 maleficium
1983 2530 2098 2601 perpe-

677 2635 786 2702 travit.

727 2753 852 2823 Forma
873 2752 1045 2822 sentencie
1065 2764 1184 2821 contra
1204 2749 1348 2820 domum
1367 2748 1570 2819 diruendam
1591 2750 1625 2818 in
1648 2775 1714 2844 qua
1740 2747 1859 2845 aliquis
1882 2748 1981 2819 luerit
2003 2749 2098 2819 here·

677 2876 796 2944 ticatus
810 2930 818 2955 ,
832 2878 957 2944 sciente
976 2887 1032 2943 aut
1044 2874 1284 2942 consenciente
1302 2870 1444 2942 domino
1460 2870 1595 2942 domus.

728 2996 852 3065 Forma
878 2992 1117 3064 reconciliandi
1142 2991 1361 3088 impeditores
1382 2994 1570 3087 penitentes
1595 2995 1655 3087 qui
1680 2995 1773 3088 prius
1801 3017 1836 3061 se
1865 3005 2098 3087 opposuerunt

676 3115 790 3187 officio
804 3116 1036 3212 inquisicionis
1052 3140 1111 3184 seu
1129 3111 1386 3209 inquisitoribus
1400 3112 1549 3183 heretice
1563 3116 1747 3209 pravitatis.

726 3235 999 3333 Modusjurandi
1018 3251 1051 3306 et
1068 3233 1239 3331 obligandi
1256 3260 1291 3305 se
1307 3238 1342 3304 in
1358 3260 1436 3305 casu
1455 3234 1620 3330 predicto.

726 3357 849 3431 Modus
861 3357 1040 3455 abjurandi
1055 3356 1199 3427 heresim
1213 3360 1248 3425 in
1262 3355 1394 3452 judicio
1412 3358 1448 3426 in
1464 3381 1543 3425 casu
1555 3354 1722 3450 predicto.

725 3479 849 3551 Modus
866 3505 923 3549 seu
942 3479 1050 3549 forma
1069 3481 1262 3573 punicionis
1280 3502 1338 3549 seu
1353 3481 1542 3572 penitencie
1563 3476 1686 3577 talibus
1703 3476 1924 3571 imponende.

724 3600 849 3672 Modus
874 3625 933 3671 seu
961 3598 1069 3670 sonna
1095 3598 1291 3670 absolvendi
1314 3599 1415 3695 hujus
1435 3598 1528 3669 modi
1551 3600 1858 3670 excommunicatos
1883 3625 1901 3669 a
1927 3601 2097 3670 sentencia

674 3726 822 3793 canonis.

725 3844 849 3949 Modus
867 3842 1110 3914 reconciliandi
1128 3843 1282 3938 aliquam·
1295 3845 1548 3913 universitatem
1568 3867 1628 3912 seu
1651 3846 1936 3914 communitatem
1956 3842 2097 3937 alicujus

672 3968 828 4047 civitatis,
844 3964 924 4034 ville
941 3988 1001 4035 seu
1020 3967 1118 4035 castri
1137 3989 1204 4060 que
1219 3989 1254 4034 se
1273 3966 1471 4059 opposuerit
1489 3963 1748 4058 inquisitoribus
1766 3988 1825 4034 seu
1844 3987 1964 4034 eorum
1983 3962 2097 4033 cilicio

674 4085 821 4156 heretice
837 4087 1024 4181 pravitatis.

725 4205 849 4277 Modus
872 4204 1114 4276 reconciliandi
1137 4231 1195 4276 seu
1221 4205 1405 4300 recipiendi
1435 4203 1477 4274 ad
1499 4209 1647 4299 graciam
1674 4221 1708 4276 et
1731 4207 1958 4300 penitenciam
1985 4206 2096 4299 impo-

583 4328 593 4345 ”
674 4326 790 4398 nendi¹

723 4448 906 4549 Sequitur¹
927 4461 1045 4543 quarta
1062 4472 1139 4542 pars
1159 4460 1332 4530 mactatus,
1352 4448 1388 4517 in
1410 4473 1477 4542 qua
1495 4446 1666 4543 colligitur
1684 4445 1897 4542 expluribus
1915 4445 2045 4517 statutis
2063 4457 2097 4513 et

672 4572 853 4667 privilegiis
868 4585 901 4643 et
918 4570 1036 4640 litteris
1051 4571 1242 4665 apostolicis
1260 4584 1292 4639 et
1310 4569 1512 4641 describitur
1528 4570 1617 4640 utilis
1634 4585 1664 4639 et
1677 4568 1920 4664 compendiosa
1940 4565 2098 4639 informa·

712 4842 717 4869 ¹
738 4838 785 4891 Ma.
800 4838 849 4909 98.
864 4837 907 4890 sol.
919 4840 971 4910 953
985 4858 1034 4891 ms.
1053 4842 1116 4906 196,
1130 4839 1174 4893 sol.
1187 4840 1230 4894 53.
