4928 6382
507 836 552 872 ffl

452 929 608 967 MANUSCMTS

513 1022 547 1059 D!

435 1115 553 1152 annuato
568 1116 621 1153 GUI.

682 542 768 629 aot
1263 540 1518 628 NOTICES

730 720 815 790 Item
832 718 943 791 forma
961 719 1110 815 specialis
1123 718 1167 790 ad
1183 718 1467 790 commutandum
1486 720 1787 814 peregrinaciones.

730 840 817 909 Item
836 839 947 910 forma
970 841 1031 910 alia
1058 839 1224 936 quittandi
1248 840 1396 935 aliquem
1421 839 1464 909 ab
1488 838 1647 910 omnibus
1663 840 1766 934 penis
1790 852 1823 909 et
1841 842 2033 933 penitentiis
2057 838 2101 911 de

678 964 787 1056 gracia
799 960 949 1055 speciali,
969 959 1064 1055 quod
1082 986 1259 1057 nunquam
1280 975 1336 1030 aut
1353 963 1520 1030 rarissime
1533 958 1607 1030 fieri
1622 959 1735 1031 debet.

732 1081 854 1152 Forma
873 1107 932 1152 seu
948 1079 1072 1152 modus
1089 1081 1214 1152 citandi
1231 1106 1289 1151 seu
1313 1080 1537 1152 conveniendi
1555 1079 1696 1152 heredes
1715 1106 1777 1153 seu
1795 1080 1968 1152 bonorum
1984 1081 2101 1153 deten-

680 1217 769 1273 tores
783 1202 920 1272 illorum
936 1205 994 1298 qui
1009 1205 1298 1297 peregrinaciones
1313 1200 1377 1272 sibi
1394 1205 1561 1297 injunctas
1578 1226 1639 1272 seu
1655 1201 1718 1272 alia
1731 1226 1835 1272 onera
1847 1201 1932 1273 dum
1949 1205 2100 1275 virerent

576 1378 579 1385 .
677 1325 819 1393 minime
834 1322 1101 1417 compleverunt.

731 1443 854 1515 Modus
870 1442 1041 1513 scribendi
1056 1442 1100 1513 ad
1116 1442 1396 1538 compellendum
1409 1442 1551 1514 heredes
1563 1462 1623 1514 teu
1635 1443 1808 1514 bonorum
1821 1443 2015 1516 detentores
2025 1445 2099 1518 illo·

677 1590 756 1637 rum
770 1567 830 1660 qni
844 1566 1132 1660 peregrinaciones
1144 1564 1208 1634 sibi
1222 1567 1390 1659 injunctas
1404 1568 1547 1636 minime
1561 1566 1829 1660 compleverunt.

607 1742 614 1755 .
729 1685 854 1756 Forma
871 1683 1040 1780 quittandi
1056 1684 1196 1755 heredes
1208 1685 1350 1781 alicujus
1367 1684 1533 1766 defuncti,
1545 1699 1727 1782 postquam
1745 1686 1980 1767 satisfecerint,
1996 1712 2101 1784 super

678 1805 809 1877 defectu
828 1808 1143 1900 peregrinacionum
1161 1832 1243 1901 quas
1263 1806 1372 1877 dictus
1386 1805 1564 1877 defunctus
1581 1830 1652 1878 non
1670 1807 1900 1901 compleverat
1914 1806 1998 1877 dum
2011 1812 2101 1879 vive-

678 1927 746 1998 bat.

732 2049 855 2120 Forma
867 2049 1062 2122 absolvendi
1084 2064 1117 2119 ct
1134 2049 1301 2146 quittandi
1316 2050 1465 2146 aliquem
1482 2049 1649 2121 adefectu
1667 2053 1909 2123 visitationum.

731 2170 852 2240 Forma
867 2169 1045 2265 cujusdam
1058 2174 1305 2242 commissionis
1321 2173 1531 2266 particularis
1550 2175 1585 2242 in
1595 2197 1685 2242 casu.

729 2291 853 2361 Forma
885 2290 1113 2363 denunciandi
1139 2319 1197 2363 seu
1229 2291 1423 2387 publicandi
1453 2295 1660 2363 sentenciam
1693 2318 1764 2363 esse
1790 2293 1892 2363 latam
1920 2293 1963 2365 de
1993 2292 2099 2366 domo

549 2423 556 2436 “
678 2414 788 2509 aliqua
806 2412 982 2484 diruenda.

731 2534 854 2605 Forma
875 2534 1042 2605 scribendi
1062 2536 1105 2606 ad
1128 2535 1368 2631 applicandum
1395 2540 1569 2607 materiam
1589 2536 1729 2633 alicujus
1753 2535 1876 2607 domus
1900 2540 1963 2632 piis
1984 2535 2100 2607 usibus

678 2681 743 2750 que
759 2669 899 2750 propter
916 2654 1059 2725 heresim
1075 2656 1174 2726 fuerit
1191 2656 1401 2727 destruenda.

729 2775 852 2845 Forma
878 2775 1045 2847 scribendi
1068 2792 1185 2847 contra
1204 2778 1417 2848 molestantes
1442 2777 1516 2849 illos
1540 2780 1663 2873 quibus
1686 2803 1802 2849 cruces
1823 2776 1866 2847 ad
1890 2777 2099 2872 portandum

677 2898 816 2966 nomine
830 2899 1017 2992 penitencie
1033 2911 1111 2967 sunt
1127 2900 1287 2993 injuncte.

730 3017 854 3089 Forma
880 3017 987 3088 littere
1011 3016 1201 3089 declarandi
1225 3032 1258 3088 et
1280 3018 1530 3114 pronunciandi
1553 3020 1646 3116 quod
1671 3020 1789 3115 aliquis
1812 3018 1956 3114 publicis
1978 3018 2097 3090 officiis

676 3141 782 3233 possit
799 3142 859 3208 uti.
1537 3159 1540 3163 ·

728 3259 852 3364 Forma
867 3260 975 3329 littere
994 3285 1057 3356 pro
1074 3261 1212 3331 custode
1229 3265 1319 3332 mun’
1337 3262 1553 3333 instituendo.

728 3379 853 3450 Forma
870 3380 976 3450 littere
996 3406 1060 3475 pro
1076 3381 1197 3451 cleric'o
1212 3385 1326 3477 jurato
1348 3397 1484 3478 recepto
1499 3381 1543 3453 ad
1557 3381 1751 3453 fidelitatem
1770 3397 1803 3452 et
1820 3381 1973 3453 officium
1988 3385 2096 3476 inqui·

676 3525 819 3571 srcronrs.

728 3621 853 3691 Forma
871 3624 1220 3694 litteretestimonialis
1236 3649 1299 3719 pro
1309 3628 1430 3720 juratis
1448 3623 1552 3695 officii
1570 3627 1813 3721 inquisicionis

728 3740 851 3812 Forma
869 3744 975 3814 littere
990 3770 1053 3839 pro
1072 3743 1204 3816 licentia
1223 3745 1364 3816 exeundi
1379 3748 1541 3816 terminos
1555 3745 1655 3817 alicui
1673 3748 1850 3840 assignatos
1866 3746 1901 3815 in
1919 3769 2041 3838 penam
2059 3770 2097 3813 ex

677 3862 786 3960 aliqua
802 3889 899 3935 causa
918 3865 1116 3936 rationabili.

727 3984 852 4055 Forma
869 3987 1036 4057 scribendi
1058 3988 1165 4058 littere
1183 3989 1257 4083 (sic)
1275 3988 1507 4059 testimonialis
1529 3988 1572 4058 dc
1590 3990 1671 4058 actis
1696 3987 1927 4082 publicisque
1948 3990 1983 4055 in
2004 3984 2098 4055 libris

675 4109 906 4203 inquisicionis
921 4112 1147 4191 continentur,
1168 4110 1262 4209 quod
1281 4135 1357 4181 raro
1375 4124 1408 4180 et
1424 4134 1494 4180 non
1514 4112 1584 4180 sine
1601 4133 1722 4205 magna
1740 4123 1774 4178 et
1788 4108 1982 4180 racionabili
1999 4132 2095 4177 causa

675 4225 742 4298 fiat.

725 4350 811 4420 ltem
829 4351 891 4421 alia
911 4349 1021 4422 sonna
1039 4351 1081 4422 de
1100 4350 1233 4422 eodem.

725 4471 849 4541 Littera
871 4473 1103 4543 testimonialia
1123 4471 1165 4542 de
1188 4498 1269 4553 usu,
1295 4496 1394 4543 cursu
1415 4487 1448 4542 et
1469 4472 1544 4543 stilo
1568 4473 1671 4544 officii
1695 4473 1943 4568 inquisicionis‚
1964 4482 2095 4540 tanturn

674 4606 841 4688 quantum
858 4591 902 4663 ad
917 4597 1182 4690 occupacionem
1199 4592 1370 4664 bonorum
1389 4592 1577 4665 faciendam
1592 4607 1651 4664 aut
1670 4595 1777 4664 eciam
1794 4591 2044 4664 dimittendam.

725 4697 886 4783 Formulc
898 4714 1085 4785 litterarum
1097 4741 1154 4785 seu
1171 4714 1370 4786 cedulamm
1379 4714 1423 4786 ed
1436 4715 1680 4812 requirendum
1691 4714 1733 4786 de
1744 4718 1935 4811 provisione
1946 4711 2096 4785 iacienda

674 4837 826 4928 personis
841 4834 984 4906 detentis
998 4840 1033 4931 in
1052 4862 1152 4908 muro
1169 4836 1327 4908 nondum
1344 4837 1564 4908 sentenciatis.
