4928 6382
513 815 557 852 1⁴ss

455 910 610 946 banoscum

481 1016 487 1027 ·
515 1003 548 1039 1)ss

438 1095 555 1132 stantano
571 1098 623 1133 Gl'l.

634 442 637 447 Ι
688 512 776 598 too
1271 508 1529 596 NOTICES

685 692 790 762 domo
817 690 974 762 Fratrum
996 686 1252 759 predicatorum
1276 686 1506 758 Castrensium
1531 710 1648 758 coram
1664 685 1757 758 dioto
1780 687 1981 783 inquisitore
1995 713 2111 784 perso-

685 814 805 883 naliter
824 813 1043 891 constitutus,
1067 807 1132 879 sub
1149 812 1273 880 virtute
1292 807 1421 904 abipso
1436 811 1566 904 prestiti
1580 812 1785 903 juramenti,
1805 808 1888 880 dixit
1917 823 1951 881 et
1972 813 2110 881 asseruit

683 933 793 1031 quod,
812 959 909 1014 cum,
926 957 1015 1002 anno
1029 930 1200 1026 predicto,
1219 930 1368 1026 quadam
1387 929 1442 1000 die
1459 930 1640 1002 Dominica
1654 934 1743 1002 circa
1757 929 1882 1002 festum
1900 935 2005 1001 sancti
2021 931 2110 1003 Mar·

682 1058 743 1125 tini
761 1055 815 1127 vel
832 1068 945 1124 sancte
962 1052 1103 1133 Cecilie',
1123 1052 1358 1124 denunciasset
1375 1055 1708 1123 excommunicatum
1726 1051 1981 1124 vicedominum
1996 1068 2111 1123 aucto·

684 1178 780 1248 ritate
805 1190 836 1245 et
854 1174 1015 1245 mandato
1031 1176 1237 1269 inquisitoris
1254 1173 1390 1266 prelati,
1407 1172 1527 1244 Petrus
1542 1172 1711 1253 Nicholai,
1725 1187 1844 1244 tenens
1862 1173 1978 1243 locum
1995 1176 2109 1244 vicarii

682 1295 849 1368 Albieusis
867 1296 997 1367 domini
1016 1297 1118 1389 regis,
1138 1297 1250 1367 citarit
1274 1321 1354 1365 eum
1377 1294 1432 1365 die
1455 1295 1552 1365 Lune
1572 1297 1607 1363 in
1628 1297 1772 1365 crastino
1789 1294 1971 1365 Dominice
1993 1320 2107 1391 supra·
2131 1384 2138 1397 ⁸

681 1419 785 1499 dicte,
808 1433 840 1487 et
852 1416 932 1488 lecit
949 1420 1065 1488 venire
1081 1442 1195 1487 coram
1213 1441 1249 1486 se
1266 1415 1359 1513 apud
1377 1415 1528 1496 Castras,
1551 1430 1640 1486 etc...
1658 1415 1736 1486 Hed
1749 1414 1906 1511 deposuit
1921 1430 1955 1487 et
1972 1419 2107 1487 recitata

680 1555 759 1609 sunt
775 1544 810 1609 in
825 1540 972 1633 vulgari,
988 1563 1095 1617 anno,
1112 1537 1167 1607 die
1182 1552 1216 1608 et
1225 1538 1301 1608 loco
1314 1536 1489 1632 predictis,
1508 1536 1721 1632 presentibus
1737 1538 1898 1633 religiosis
1912 1540 1990 1609 viris
2004 1535 2108 1607 lratrr'·

679 1661 743 1732 bus
758 1660 932 1733 Bernanlo
948 1658 1127 1741 Guidonis,
1140 1660 1253 1755 priore
1269 1659 1424 1729 Fratrum
1441 1657 1695 1729 predicatorum
1712 1657 1962 1739 Castrensium,
1978 1656 2107 1729 Jacobo

679 1784 858 1878 Burgensi,
883 1780 1021 1852 Sicardo
1043 1780 1086 1851 de
1114 1779 1284 1861 Pomerio,
1313 1779 1453 1851 Alberto
1476 1778 1520 1851 de
1539 1778 1849 1865 Catalano,.Petr0
1872 1778 1916 1850 de
1945 1779 2105 1859 Curvata.

680 1904 807 1974 ordinis
839 1903 1107 1985 predicatorum,
1134 1901 1275 1971 domino
1299 1900 1457 1974 Iohanne
1473 1900 1517 1971 de
1534 1901 1610 1972 Deo
1631 1901 1820 1983 sacerdote,
1839 1901 1982 1973 domino
2005 1900 2106 1972 Petm

677 2025 832 2106 Auxioli,
857 2038 987 2095 rectore
1010 2018 1149 2095 ecclesie
1168 2023 1291 2094 Sancte
1314 2021 1440 2094 Cecilie
1471 2022 1515 2093 de
1544 2022 1734 2119 Lostorque
1757 2035 1791 2093 et
1812 2026 1943 2095 notario
1966 2019 2105 2118 publico

677 2146 756 2216 ville
772 2146 966 2226 Castrensis,
987 2159 1020 2214 et
1044 2170 1101 2215 me
1115 2138 1220 2215 'Petro
1235 2144 1357 2225 Boen'i,
1380 2147 1512 2214 notario
1531 2142 1668 2239 publico
1687 2141 1922 2239 infrascripto.

1304 2397 1474 2472 XXVIII

806 2580 905 2627 norsss
915 2559 1210 2628 surrtdttttttrtutss
1225 2580 1283 2628 sun
1295 2581 1464 2628 ruostsutts
1481 2580 1677 2631 utnuscntrs
1693 2583 1733 2630 ΒΕ
1746 2581 1893 2630 stantun
1909 2583 1974 2645 (llll.

727 2750 882 2821 Pendant
900 2750 1119 2846 l’impression
1133 2750 1180 2821 du
1198 2750 1384 2846 precedent
1397 2753 1581 2838 me'moire‚
1593 2753 1649 2848 j'ai
1667 2779 1748 2845 recu
1764 2754 1931 2848 plusieurs
1949 2778 2104 2824 commu·

675 2874 840 2942 nications
857 2872 1011 2943 relatives
1027 2874 1046 2943 d
1064 2872 1124 2943 des
1141 2876 1343 2944 manuscrits
1357 2873 1401 2944 de
1420 2872 1572 2945 Bernsrd
1590 2874 1672 2956 Gui,
1690 2875 1776 2946 dont
1784 2878 1823 2970 je
1841 2874 1961 2946 n’arais
1983 2901 2041 2971 pas
2060 2902 2103 2945 eu

674 2997 912 3065 connaissance
932 3021 973 3065 en
992 3009 1102 3090 temps
1119 2995 1202 3066 utile
1217 3021 1306 3090 pour
1322 2996 1371 3067 les
1385 2999 1561 3091 apprecier
1578 3011 1612 3066 et
1628 2997 1677 3068 les
1695 2998 1826 3068 classer.
1846 2997 1918 3068 J'en
1937 2996 2102 3069 donnerai
2225 3030 2231 3039 ·

673 3118 716 3185 ici
735 3115 951 3187 l'indication.

956 3316 985 3384 l.
1012 3313 1194 3396 rianctoral,
1214 3318 1392 3385 conserudd
1412 3313 1583 3412 Alcobsqa,
1599 3341 1638 3386 en
1656 3315 1821 3414 Portupai.

725 3481 772 3550 la
790 3480 1025 3577 bibliotheque
1053 3479 1252 3573 d'Alcobaca
1274 3480 1444 3552 renferme
1470 3509 1518 3552 un
1546 3482 1749 3577 exemplaire
1777 3483 1824 3553 du
1848 3483 2040 3563 Sanctoral,
2058 3508 2100 3553 eu

671 3606 753 3674 uois
771 3601 893 3696 grands
907 3603 1077 3683 volumes,
1095 3604 1209 3698 copies
1226 3628 1284 3673 sur
1314 3604 1511 3698 parchemin
1535 3629 1578 3674 au
1608 3625 1670 3701 xrt·
1696 3605 1795 3676 siecle
1827 3620 1861 3675 et
1886 3608 1945 3702 qui
1963 3617 2101 3700 portent

673 3723 721 3793 les
737 3732 783 3792 n⁰⁸
806 3725 895 3818 295,
918 3725 989 3819 296
1008 3737 1041 3793 et
1063 3749 1146 3822 ²97·
1165 3723 1260 3796 Voici
1275 3725 1307 3794 la
1320 3725 1498 3796 substance
1516 3725 1559 3796 de
1578 3751 1616 3796 ce
1646 3729 1705 3822 qui
1738 3741 1786 3797 est
1811 3726 1860 3797 dit
1877 3725 1921 3796 de
1946 3751 2001 3797 ces
2017 3729 2100 3797 trois

670 3843 825 3914 volumes
837 3843 921 3915 dans
932 3844 1034 3916 Index
1046 3844 1185 3916 codicum
1200 3836 1567 3919 tilliortnaettcotanae
1577 3846 1769 3942 (Olispone,
1785 3838 1798 3919 ⁴r
1809 3849 1898 3946 775,
1911 3848 2097 3943 inquarto,

671 3990 704 4058 p.
728 3964 829 4060 130),
850 3978 883 4035 et
900 3965 983 4037 dans
1006 3965 1170 4037 Fortunati
1189 3993 1210 4036 o
1230 3968 1273 4037 D.
1294 3967 1512 4040 Beneventum
1530 3983 1693 4040 comment.
1714 3967 1752 4039 de
1770 3968 1974 4040 Alcobocensi
1992 3993 2100 4038 uranu·

671 4085 852 4181 scriptorum
867 4084 1047 4158 bibliotheca
1064 4086 1137 4158 libri
1153 4102 1214 4159 tres
1231 4088 1442 4183 (Conimbr.,
1470 4090 1576 4188 1827,
1594 4093 1778 4185 inquarto,
1800 4117 1832 4185 p.
1853 4088 2035 4185 35t·360)
2056 4121 2063 4160 ε

723 4208 770 4279 Le
795 4235 858 4279 ms.
880 4210 951 4304 295
971 4212 1123 4280 contient
1142 4210 1190 4279 les
1207 4209 1296 4280 deux
1310 4211 1494 4306 premieres
1519 4214 1642 4306 parties
1658 4211 1706 4282 du
1727 4212 1913 4284 Sanctoral.
1932 4212 1960 4285 A
1981 4212 2012 4282 la
2031 4209 2096 4293 stu,

670 4355 704 4398 se
721 4343 881 4402 trouvent
897 4331 944 4400 les
959 4356 1142 4400 morceaux
1158 4333 1305 4402 suivants
1321 4361 1327 4398 ε

729 4459 758 4520 ιο
785 4451 837 4522 De
854 4450 1051 4522 nominibus
1068 4453 1299 4546 apostolorum
1314 4466 1347 4522 et
1359 4451 1421 4522 IIII
1436 4452 1694 4548 discipulorum.

725 4581 758 4643 2⁰
785 4572 883 4644 Missa
898 4572 1154 4668 discipulorum.

724 4692 758 4762 3⁰
785 4692 837 4763 De
854 4693 986 4764 casibus
1003 4697 1062 4790 qui
1081 4698 1278 4791 contingere
1292 4709 1433 4791 possunt
1446 4699 1481 4764 in
1497 4692 1716 4767 celebrando.

725 4821 758 4889 [1⁰
784 4813 836 4884 De
854 4814 1001 4885 articulis
1016 4813 1108 4886 fidei.
