4928 6382
520 831 564 868 sss

464 924 619 979 pssosourrs
637 946 643 955 .

525 1016 559 1054 os

448 1108 565 1147 armano
579 1109 633 1147 em.

693 534 779 623 1100
1272 529 1526 618 NOTlCES

691 716 788 784 ritate
802 711 968 808 predicta,
981 709 1024 781 de
1035 708 1177 779 fratrum
1194 722 1390 779 nostrorum
1405 707 1564 790 consilio,
1583 732 1646 802 per
1659 706 1738 778 alias
1755 719 1885 777 nostras
1899 706 2027 779 litteras
2035 730 2114 804 pro⁴

691 831 839 904 vidimus
857 829 1053 902 indicendae
1067 827 1231 924 usquead
1246 853 1301 898 sex
1318 853 1452 900 menses
1469 841 1528 900 etc.
1547 852 1641 923 usqae
1658 831 2022 899 excommunicacionis
2039 854 2113 900 sen-

691 955 838 1025 tanciam
878 952 1036 1023 duximus
1076 949 1359 1044 promulgandam
1393 961 1452 1021 etc.
1491 975 1584 1046 usqae
1621 950 1856 1044 cujuscunque
1893 952 2021 1020 tenoris
2057 950 2112 1022 vel

693 1076 910 1169 expressionis
929 1076 1059 1154 existat,
1075 1097 1137 1167 per
1151 1097 1256 1168 quam
1270 1071 1459 1142 litterarum
1475 1085 1668 1142 nostrarum
1683 1068 1822 1141 effectus
1835 1069 1993 1166 impediri
2008 1076 2112 1167 possit

690 1194 742 1267 vel
767 1191 1030 1290 quomodolibet
1051 1192 1224 1264 retardari.
1250 1193 1399 1286 Treugas
1428 1205 1543 1263 autem
1568 1205 1625 1263 etc.
1651 1215 1744 1287 usque
1768 1205 1935 1287 quatenus
1957 1191 2001 1263 de
2022 1191 2111 1263 facto

690 1316 928 1411 processerint,
948 1313 1105 1384 duximus
1122 1312 1310 1383 irritandas.
1328 1310 1500 1401 Quocirca
1517 1312 1717 1382 discrecioni
1737 1325 1847 1383 vestre
1864 1315 2111 1383 committimus

689 1450 722 1505 et
744 1433 948 1505 mandamus
966 1438 1124 1529 quatinus
1144 1459 1203 1504 vos
1220 1433 1274 1505 vel
1292 1434 1377 1503 alter
1394 1446 1559 1510 vestrum.
1579 1431 1622 1502 ad
1642 1446 1752 1526 partes
1771 1431 1938 1526 predictas
1955 1457 2111 1526 persona·

641 1650 647 1661 ·
688 1555 765 1626 liter
782 1554 998 1636 accedentes,
1019 1552 1180 1625 omnibus
1203 1568 1236 1623 et
1262 1552 1400 1647 singulis
1424 1551 1467 1622 de
1489 1550 1615 1646 quibus
1631 1550 1728 1624 vobis
1746 1550 1918 1623 ridebitur
1936 1550 2109 1646 expedire,

688 1678 714 1745 si
733 1699 854 1746 eorum
876 1678 1010 1769 copiam
1028 1673 1154 1744 habere
1171 1676 1338 1767 poteritis,
1361 1686 1495 1766 treugas
1518 1684 1551 1741 et
1572 1675 1752 1742 sententias
1773 1672 1978 1765 supradictas
2000 1671 2111 1742 notifi-

688 1820 781 1877 care,
804 1807 837 1863 et
858 1793 1100 1864 nichilominus
1117 1797 1152 1862 in
1172 1791 1331 1864 omnibus
1350 1792 1449 1873 locis,
1467 1796 1564 1862 terris
1585 1805 1618 1861 ct
1634 1790 1787 1886 partibus
1805 1791 1848 1862 de
1871 1791 1995 1887 quibus
2014 1818 2113 1888 expe·

690 1915 787 1985 diens
802 1939 872 1985 esse
890 1913 1054 1993 videritis,
1070 1913 1245 1994 studeatis,
1263 1938 1325 2008 per
1341 1938 1402 1984 vos
1417 1911 1472 1984 vel
1489 1911 1594 1982 alium
1610 1936 1669 1983 seu
1684 1913 1783 1995 elios,
1804 1910 1939 2006 publice
1951 1938 1990 1983 ac
2004 1914 2111 1984 solen·

688 2039 777 2105 niter
796 2034 979 2129 publicare.
1006 2033 1109 2104 Diem
1134 2048 1248 2105 autem
1269 2033 1468 2128 hujusmodi
1492 2032 1737 2104 notificacionis
1760 2059 1820 2104 seu
1846 2032 2108 2128 publicadonis,

688 2170 722 2224 et
749 2152 918 2235 sormam,
947 2168 979 2223 et
1009 2153 1173 2249 quicquid
1207 2179 1311 2248 super
1337 2156 1507 2248 premissis
1536 2153 1694 2224 duxeritis
1726 2151 1937 2236 laciendum,
1966 2154 2112 2226 fideliter

688 2273 812 2345 referre
827 2272 941 2354 nobis,
957 2287 1016 2343 aut
1027 2298 1089 2368 per
1102 2272 1227 2345 litteras
1243 2288 1383 2355 vestras,
1403 2273 1525 2345 harum
1543 2278 1665 2344 seriem
1683 2278 1910 2357 continentes,
1924 2275 2109 2370 significare

688 2397 822 2464 curetis.
840 2393 970 2464 Datum
988 2407 1155 2489 utsupra.

1367 2536 1434 2608 XV

880 2716 1003 2762 serras
1021 2694 1201 2764 odoouxno
1215 2717 1257 2773 n,
1279 2717 1333 2765 eor
1352 2717 1605 2775 praesternens,
1626 2696 1643 2764 l
1662 2718 1809 2766 suasano
1826 2720 1879 2768 cur
1895 2701 1916 2767 ¹.

1307 2850 1385 2922 (Vens
1399 2850 1492 2925 1317.)

741 2996 942 3080 Edwardus‚
959 2999 1024 3069 Dei
1042 3003 1146 3093 gratia
1166 3024 1222 3068 rex
1237 2999 1355 3095 Anglie
1373 3015 1432 3073 etc.
1448 3001 1603 3095 religioso
1620 3006 1694 3073 viro
1707 3001 1771 3072 sibi
1786 3006 1822 3071 in
1835 3001 1969 3072 Christo
1985 3002 2109 3074 dilecto

687 3119 793 3211 priori
821 3118 1018 3211 provinciali
1045 3117 1173 3190 ordinis
1197 3119 1354 3191 Fratrum
1378 3119 1647 3203 predicatorum,
1664 3125 1789 3193 vicario
1812 3126 1970 3219 magistri
1982 3122 2110 3229 ordinis

687 3236 776 3307 illius
786 3241 821 3307 in
836 3238 974 3309 Francia
991 3238 1152 3333 generali,
1166 3239 1219 3310 vel
1234 3238 1328 3308 fratri
1340 3239 1514 3312 Bemardo
1527 3241 1710 3322 Gnidonis,
1728 3245 1938 3337 procuratori
1957 3242 2110 3336 ejusdem

688 3357 815 3428 ordinis
832 3363 868 3430 in
886 3363 979 3430 curia
994 3360 1147 3429 Romana
1164 3364 1292 3431 tenenti
1300 3361 1325 3443 ²,
1341 3362 1496 3432 salutem.
1512 3360 1673 3450 Quadam
1690 3366 1827 3457 negocia
1846 3387 1908 3433 nos
1925 3362 2112 3457 specialiter

686 3485 861 3576 tangencia
880 3481 1004 3551 dilecto
1029 3480 1127 3552 nobis
1148 3485 1184 3550 in
1199 3481 1334 3552 Christo
1352 3481 1445 3552 fratri
1465 3483 1629 3554 Nicholao
1652 3483 1695 3554 de
1712 3483 1906 3565 Wisebeth,
1931 3483 1974 3553 de
1992 3482 2110 3553 ordine

687 3615 812 3680 vestro,
829 3601 927 3673 latori
942 3606 1165 3696 presentium,
1183 3590 1404 3698 injunximus,
1424 3603 1515 3698 apud
1528 3608 1774 3676 sanctissimum
1788 3619 1919 3699 patrem
1930 3603 2109 3674 dominum

687 3746 861 3791 summum
879 3722 1075 3815 pontificem
1093 3724 1346 3818 prosequenda,
1371 3728 1544 3820 quorum³
1564 3729 1726 3819 temporis
1745 3726 1970 3820 prolixitatem
1986 3725 2110 3820 aliqua-

689 3856 786 3911 tenus
805 3846 961 3937 exposcit.
981 3843 1048 3913 Vos
1065 3846 1165 3938 igitur
1182 3843 1361 3916 affectuose
1380 3849 1583 3941 requirimus
1601 3859 1633 3916 et
1649 3870 1806 3942 rogamus
1825 3849 1982 3942 quatinus
1999 3844 2111 3914 eidem

688 3961 780 4031 fratri
795 3963 972 4045 Nicholao,
994 3978 1032 4033 ut
1048 3963 1144 4034 dictis
1163 3969 1308 4060 negociis
1329 3969 1479 4036 insistere
1497 3982 1530 4037 et
1547 3992 1584 4036 ea
1603 3971 1763 4062 prosequi
1782 3966 1890 4039 valeat
1908 3989 1971 4061 pro
1989 3967 2110 4035 nostris

688 4083 873 4154 commodo
895 4084 1093 4163 ethonore,
1114 4085 1222 4156 velitis
1244 4090 1348 4157 nostri
1366 4091 1491 4157 intuitu
1512 4087 1689 4157 licenciam
1709 4086 1897 4158 concedere
1918 4084 2108 4180 specialem.

528 4210 532 4218 ’
587 4264 593 4270 .
689 4203 813 4274 Datum
832 4217 890 4276 etc.

726 4370 732 4400 ¹
755 4368 915 4422 Formuluire
932 4368 965 4421 de
981 4368 1094 4422 Richard
1111 4367 1144 4423 de
1160 4370 1237 4442 Bury,
1258 4389 1362 4424 manus·
1437 4370 1477 4424 tle
1494 4368 1564 4446 royal
1581 4371 1782 4444 commissiones
1796 4371 1922 4426 historicol
1939 4369 2109 4444 manmcripts,

687 4461 736 4514 crit
746 4461 933 4533 communique
942 4480 975 4515 cu
990 4464 1058 4533 1874
1068 4463 1158 4535 parM.
1167 4462 1231 4517 tlt.
1242 4462 1363 4536 Ormsby·
1437 4484 1463 4538 p.
1478 4464 1540 4519 382.

685 4552 769 4615 Gore,
782 4552 826 4608 iol.
843 4556 875 4609 61
894 4557 927 4614 ν’.
942 4565 967 4609 et
982 4555 1046 4609 dont
1060 4574 1113 4609 une
1130 4556 1204 4629 copie
1216 4574 1231 4610 a
1245 4557 1286 4609 dte
1301 4556 1362 4611 saite
1474 4562 1484 4591 ¹
1502 4558 1540 4613 Co
1548 4568 1603 4612 mot
1612 4569 1651 4611 set
1660 4557 1804 4612 sausdoute
1813 4558 1926 4618 alte'rsi.l
1936 4559 2020 4613 moins
2028 4576 2079 4630 quc
2087 4556 2110 4609 le

687 4664 753 4719 pour
772 4646 797 4700 la
816 4647 883 4701 sibl.
909 4658 960 4701 nat.
977 4648 1066 4719 (nour.
1088 4668 1143 4722 aeq.
1163 4648 1215 4711 lat..
1238 4653 1266 4703 n⁰
1292 4652 1361 4704 1265
1437 4652 1604 4725 copisten'ait
1617 4652 1943 4727 omisauparavautuuou
1956 4651 2022 4707 doux
2035 4661 2110 4704 mots.

687 4749 714 4792 et
742 4742 834 4810 1266).
863 4741 937 4795 Cette
966 4742 1038 4815 pileo
1061 4761 1076 4796 a
1098 4743 1139 4797 e'te'
1166 4742 1284 4817 analysee
1315 4761 1362 4817 par
1473 4745 1539 4798 ‘lei
1559 4744 1584 4799 le
1600 4746 1697 4820 copiste
1717 4742 1799 4821 parsit
1816 4746 1887 4799 avoir
1903 4747 1969 4799 omis
1989 4763 2026 4799 uu
2043 4752 2110 4801 mot.

687 4833 722 4887 M.
739 4831 827 4887 elfred
845 4834 869 4888 J.
885 4834 1028 4895 Honvood.
1047 4835 1111 4890 dans
1130 4836 1223 4891 Fourtl
1239 4848 1320 4911 repert
1336 4835 1368 4910 ⁰f
1435 4843 1564 4912 peut-etro
1576 4857 1748 4894 «uumerus».
