4916 6380
834 498 944 582 DES
980 496 1372 586 MANUSCRITS.
1728 481 1817 583 339

391 678 590 786 complete,
618 705 691 785 que
713 677 752 784 je
776 675 970 782 reproduis
986 675 1268 753 textuellement
1283 703 1379 782 pour
1397 692 1561 752 montrer
1579 673 1722 781 quelles
1744 705 1819 754 res-

389 837 539 889 sources
556 806 710 886 offrirait
727 814 746 882 a
762 805 939 885 l'histoire
954 835 1029 884 une
1045 807 1187 884 edition
1202 806 1268 883 des
1285 805 1468 913 chapitres
1482 806 1715 913 proVInciadx
1731 805 1816 887 saite

390 939 531 1047 d'apres
546 938 601 1016 les
619 936 808 1015 meilleurs
824 936 1083 1017 manuscrits¹:

437 1146 497 1210 Ista
512 1155 587 1210 sunt
603 1144 751 1230 suffragia
766 1166 824 1231 pro
841 1143 930 1209 vivis.

412 1256 417 1263 ’
437 1257 498 1322 Pro
512 1255 710 1321 sanctissimo
722 1266 809 1342 patre
824 1275 861 1318 ac
873 1254 1005 1319 domino
1020 1255 1153 1319 domino
1167 1253 1314 1319 Iohanne
1329 1266 1524 1321 sacrosancte
1536 1255 1675 1321 Ecclesie
1688 1278 1817 1322 summo

391 1366 557 1463 pontifice,
574 1367 710 1456 quilibet
724 1367 867 1433 sacerdos
881 1377 944 1432 tres
965 1367 1092 1442 missas,
1112 1377 1142 1431 et
1154 1365 1290 1454 quilibet
1305 1377 1480 1433 conventus
1498 1378 1559 1434 tres
1573 1369 1700 1443 missas,
1718 1391 1817 1433 unam

392 1480 432 1545 de
446 1479 568 1568 Spiritu
586 1490 709 1553 sancto.
725 1489 758 1544 et
774 1479 868 1544 aliam
885 1477 925 1543 de
940 1478 1031 1544 beata
1046 1478 1189 1563 virgine,
1208 1488 1240 1543 et
1255 1478 1349 1543 aliam
1368 1478 1408 1544 de
1425 1479 1516 1544 beato
1530 1479 1710 1546 Dominico.

437 1592 517 1657 Item
531 1606 589 1680 pro
606 1588 780 1656 venerabili
792 1599 882 1678 patre
896 1589 1029 1656 domino
1044 1589 1233 1658 Guilhermo
1247 1591 1346 1666 Petri,
1362 1592 1511 1678 episcopo
1530 1591 1698 1658 Sabinensi
1714 1590 1817 1658 cardi·

392 1703 458 1770 nali
479 1705 624 1769 Romane
640 1701 785 1777 ecclesie,
808 1701 943 1789 quilibet
962 1702 1106 1767 sacerdos
1123 1712 1186 1768 tres
1204 1703 1329 1777 missas,
1352 1714 1383 1768 et
1404 1702 1540 1791 quilibet
1556 1714 1732 1770 conventus
1756 1715 1817 1769 tres

1948 792 1992 832 ηδ

1891 886 2046 927 misoscum

1952 982 1987 1020 D!

1874 1074 1994 1116 sennenn
2007 1075 2059 1115 om.

391 1816 517 1890 missas,
533 1834 634 1880 unam
646 1814 687 1880 de
706 1815 795 1879 beata
811 1814 953 1901 Virgine,
972 1813 1069 1880 aliam
1087 1814 1127 1880 de
1146 1814 1269 1904 Spiritu
1285 1826 1406 1891 sancto,
1423 1827 1454 1882 et
1474 1815 1572 1881 aliam
1589 1816 1628 1882 de
1647 1816 1738 1881 bento
1757 1818 1817 1882 Do
1883 1868 1886 1875 ,

389 1948 520 1994 mrnrco.

435 2039 515 2105 Item
535 2062 593 2127 pm
612 2038 848 2105 venerabilibus
868 2038 1010 2126 patribus
1031 2039 1162 2105 domino
1180 2039 1377 2106 Guaucelmo
1394 2038 1549 2105 lobannis
1568 2050 1599 2104 et
1617 2039 1751 2105 domino
1767 2038 1817 2105 lo

390 2152 496 2217 banne
512 2150 657 2217 Gaiatsni
679 2161 710 2216 et
734 2150 864 2216 domino
882 2149 1019 2217 Geraldo
1041 2151 1081 2216 de
1098 2152 1219 2225 Poleto,
1243 2151 1434 2239 presbyteris
1448 2150 1680 2225 cardinalibus,
1703 2160 1735 2215 et
1759 2172 1817 2238 pm

391 2262 563 2330 venerabili
580 2262 711 2349 collegio
726 2261 934 2328 dominorum
951 2262 1179 2338 cardinalium,
1196 2262 1333 2349 quilibet
1349 2262 1493 2327 sacerdos
1510 2283 1610 2327 unam
1627 2262 1768 2327 missam.

436 2379 517 2442 Item
529 2398 588 2464 pro
601 2375 772 2441 venerabili
785 2386 874 2462 patre
883 2374 1121 2462 archiepiscopo
1129 2374 1401 2463 Compostellano,
1414 2374 1549 2460 quilibet
1561 2375 1704 2440 sacerdos
1716 2396 1817 2440 unam

390 2489 530 2555 missam.

437 2602 516 2665 Item
536 2621 594 2688 pro
608 2599 781 2666 venerabili
800 2611 891 2688 patre
908 2598 1040 2665 domino
1064 2599 1169 2674 Helia,
1189 2599 1289 2665 electo
1309 2600 1541 2673 Lemovicensi,
1558 2610 1589 2664 et
1605 2610 1670 2665 toto
1685 2598 1817 2687 collegio

389 2713 595 2779 dominorum
611 2712 840 2777 canonicorum
856 2711 1150 2786 lemovicensium,
1166 2712 1302 2799 quilibet
1321 2710 1465 2776 sacerdos
1482 2731 1581 2775 unam
1595 2712 1737 2776 missam.

436 2826 515 2891 Item
540 2847 598 2912 pro
620 2822 855 2891 venerabilibus
879 2823 1023 2911 patribus
1050 2822 1189 2889 dominis
1210 2823 1366 2912 episcopis
1396 2823 1625 2891 Conseranensi
1651 2835 1684 2889 et
1710 2821 1817 2910 Appa-

390 2938 520 3013 miensi,
538 2937 674 3026 quilibet
690 2936 835 3002 sacerdos
850 2948 950 3001 unam
969 2936 1109 3000 missam.

436 3052 517 3115 Item
531 3072 589 3139 pro
603 3050 735 3115 domino
753 3046 994 3115 Carcassonensi
1009 3047 1170 3134 episcopo,
1187 3045 1323 3135 quilibet
1338 3048 1482 3113 sacerdos
1500 3069 1598 3112 unam
1617 3047 1759 3113 missam.

435 3161 515 3228 Item
527 3183 586 3251 pro
598 3161 769 3227 venerabili
782 3171 872 3249 patre
888 3159 1021 3226 domino
1039 3160 1189 3247 episcopo
1203 3158 1397 3232 Lodovensi,
1413 3158 1550 3247 quilibet
1558 3158 1704 3225 sacerdos
1716 3181 1814 3224 unam

390 3274 532 3339 missam.

436 3385 515 3451 Item
530 3406 588 3473 pm
607 3385 838 3451 venerabilibus
857 3384 1002 3473 patribus
1023 3384 1162 3450 dominis
1181 3383 1427 3471 archiepiscopis
1444 3383 1601 3471 Aquensi,
1625 3383 1816 3449 Bituricensi

389 3510 421 3562 et
442 3497 642 3563 Ravennensi
666 3507 697 3561 et
716 3497 856 3563 dominis
875 3497 1032 3586 episcopis
1056 3494 1239 3571 Baionensi,
1261 3495 1453 3572 Tutellensi,
1476 3497 1734 3581 Petragoricensi,
1760 3495 1813 3562 Al·

389 3609 505 3684 biensi,
531 3608 726 3694 Agennensi,
752 3606 1022 3683 Altissiodorensi,
1050 3604 1250 3684 Anniciensi,
1278 3605 1513 3681 Aurelianensi,
1541 3616 1571 3671 et
1593 3629 1653 3697 pro
1675 3607 1815 3673 dominis

389 3723 557 3787 abbatibus
585 3718 801 3798 cluniacensi,
831 3721 1026 3793 Fiscanensi,
1056 3719 1283 3794 Carmfinensi,
1317 3719 1603 3807 Solempniacensi,
1635 3720 1813 3794 Usemensi,

390 3833 685 3906 Grandimontensi,
707 3830 928 3919 Agedunensi,
945 3832 1102 3908 vosiensi,
1121 3832 1256 3920 quilibet
1273 3831 1416 3898 sacerdos
1433 3853 1535 3896 unam
1553 3832 1695 3897 missam.
1830 3817 1841 3840 ⁶

435 3945 514 4011 Item
538 3968 595 4033 pro
614 3944 859 4033 inquisitoribus
879 3944 1075 4019 Tholosano,
1104 3944 1345 4012 carcassonensi
1369 3954 1401 4008 et
1422 3943 1534 4009 officiis
1553 3965 1665 4009 eorum
1690 3954 1721 4008 et
1744 3942 1813 4007 aliis

390 4057 468 4122 vivis
480 4068 512 4122 et
525 4056 684 4124 defunctis
698 4058 738 4123 de
752 4079 867 4144 genere
882 4058 1041 4146 ipsorum,
1060 4056 1195 4145 quilibet
1207 4056 1351 4123 sacerdos
1368 4078 1468 4121 unam
1481 4057 1624 4121 missam.

437 4168 515 4233 Item
536 4192 593 4257 pro
612 4169 742 4235 domina
763 4171 919 4235 abbatissa
934 4180 965 4234 et
981 4179 1046 4235 toto
1065 4168 1195 4255 collegio
1210 4169 1250 4235 de
1261 4167 1395 4254 Regula,
1414 4168 1549 4255 quilibet
1558 4166 1702 4233 sacerdos
1713 4188 1813 4231 unam

390 4281 530 4344 missam.

435 4391 515 4456 Item
531 4414 588 4479 pro
605 4393 765 4458 sororibus
782 4404 813 4457 et
827 4391 978 4457 iratribus
993 4392 1175 4458 monasterii
1185 4393 1328 4459 Pruliani
1343 4402 1374 4457 et
1386 4393 1470 4459 bono
1480 4402 1561 4457 statu
1576 4393 1721 4478 ejusdem
1735 4391 1812 4463 loci.

389 4515 419 4568 et
437 4525 494 4591 pro
507 4502 569 4569 hiis
581 4504 638 4591 qni
653 4504 770 4569 babent
783 4504 902 4569 litteras
914 4503 954 4569 de
965 4502 1127 4569 beneficiis
1143 4504 1264 4569 ordinis
1277 4516 1308 4569 et
1322 4517 1509 4595 receperunt
1524 4503 1635 4571 lratres
1652 4505 1812 4570 venientes

433 4723 440 4753 ¹
464 4723 506 4784 Le
525 4744 661 4785 morceau
678 4725 804 4793 suivant,
823 4723 904 4808 c'opie
925 4745 977 4810 par
993 4720 1097 4784 Balure
1115 4719 1276 4792 lui-meme.
1297 4744 1328 4785 se
1349 4733 1450 4784 trouve
1469 4721 1603 4785 iurarem
1617 4722 1690 4785 dans
1709 4722 1737 4786 le
1756 4747 1810 4786 ms.

389 4822 459 4885 latin
476 4826 566 4908 5487.
583 4849 612 4912 p.
626 4826 686 4909 857
701 4838 729 4888 et
741 4826 813 4890 858,

1609 4949 1676 5027 lsi.
