4924 6386
818 535 930 617 DES
967 533 1355 619 MANUSCRITS.
1711 533 1798 616 tto

376 714 555 792 successio
588 715 625 790 in
652 730 818 819 posteros
849 728 1062 818 propagata,
1092 714 1155 818 qui
1183 741 1300 816 usque
1323 710 1437 787 hodie
1464 741 1540 816 qno
1563 711 1633 788 hec
1655 712 1797 817 scripsi,
1838 730 2063 738 ’·“-“““

378 846 546 952 Ρ13111333
571 844 682 951 hujus
703 843 862 919 nominis
880 844 927 919 Vl
944 860 1134 948 regnante,
1160 843 1309 947 triginta
1332 871 1394 917 333(
1415 872 1520 947 reges
1543 845 1799 919 tantummodo
1930 830 1974 865 “⁵

379 994 656 1082 computantur.
678 1034 685 1049 .
705 1035 712 1050 .
738 1012 749 1041 t
770 976 820 1049 La
838 973 1020 1079 premiere
1044 973 1184 1047 edition
1200 972 1246 1047 de
1263 972 1296 1047 la
1312 973 1499 1049 3311331133
1516 973 1697 1078 3333111333
1717 972 1801 1049 3’33-
1875 923 2029 1053 munim

380 1117 473 1193 rete,
485 1137 629 1183 comme
640 1106 674 1182 13
685 1104 893 1210 3133313333
907 1101 1460 1189 33133333133133333331133,
1474 1112 1491 1179 3
1504 1103 1538 1179 13
1548 1105 1630 1209 3313(
1641 1103 1692 1179 (13
1708 1105 1800 1179 mois
1859 1109 1976 1148 naastan
1991 1110 2045 1147 ⁰⁸¹·

379 1236 519 1313 (133331
548 1240 667 1321 1320,
692 1264 762 1310 333(
784 1251 879 1309 33313
902 1264 910 1307 :
932 1232 1026 1308 «1333
1045 1232 1091 1307 (13
1111 1261 1217 1308 causa
1239 1231 1446 1337 specialiter
1463 1233 1675 1310 destinati.»
1700 1236 1800 1311 Nous

377 1367 410 1442 13
431 1385 604 1442 trouvons
622 1395 709 1442 3333
727 1383 822 1442 33113
842 1364 959 1441 forme
978 1364 1067 1439 (1333
1087 1364 1182 1439 deux
1202 1364 1445 1440 manuscrits:

433 1499 539 1574 Latin
570 1500 671 1602 13933
696 1499 742 1583 C,
770 1496 833 1573 131.
860 1500 1051 1599 198-2513

435 1630 542 1705 Latin
573 1631 694 1729 1985,
721 1627 783 1703 tol.
812 1634 860 1729 73
885 1644 921 1701 v⁰
938 1629 1057 1713 -118;
1078 1626 1112 1702 la
1139 1627 1395 1731 transcription
1422 1628 1469 1702 de
1497 1645 1555 1703 cet
1583 1627 1800 1733 exemplaire

377 1761 432 1834 n'a
447 1789 511 1865 pas
527 1762 585 1835 313
602 1757 770 1834 33133333.

434 1889 461 1965 11
488 1889 598 1964 existe
622 1897 642 1963 1
664 1891 780 1965 Rome
805 1887 1358 1993 (13333333331313333313331
1376 1887 1547 1994 jusqu’au
1569 1888 1728 1993 mariage
1752 1890 1803 1964 du

376 2020 432 2095 331
459 2016 611 2096 Charles
630 2020 664 2095 le
688 2019 752 2096 Bel
777 2050 861 2096 avec
879 2020 993 2096 Marie
1013 2019 1059 2094 de
1083 2018 1345 2124 Luxembourg
1372 2048 1417 2094 33
1440 2019 1648 2124 septembre
1675 2023 1800 2096 1322:

379 2191 390 2218 α
415 2211 422 2227 .
444 2211 451 2228 .
472 2208 480 2225 .
505 2179 789 2256 germanamque
805 2149 900 2254 regis
912 2151 1076 2227 Boemie.
1093 2186 1104 2216 »1
1122 2149 1173 2227 (13
1192 2166 1297 2226 sont:

434 2284 556 2358 t'onds
572 2282 619 2358 (13
638 2281 671 2356 13
690 2283 790 2357 33133
808 2282 854 2356 (13
871 2282 1011 2368 53333,
1023 2284 1154 2357 30883
1175 2280 1283 2384 (jadis
1299 2280 1345 2354 de
1364 2281 1492 2368 Petau,
1508 2297 1545 2355 et
1562 2282 1643 2385 plus
1659 2283 1805 2356 ancien-

378 2430 528 2489 nemeut
544 2413 591 2488 (13
603 2411 812 2490 Guillaume
824 2413 1033 2517 Espinasse,
1047 2410 1269 2487 dominicain
1281 2411 1327 2486 de
1340 2410 1564 2515 Clermont),
1581 2410 1643 2488 131.
1665 2420 1801 2513 17-593

326 2644 331 2651 Ι
377 2544 483 2649 33313
499 2554 518 2619 a
534 2574 607 2649 peu
625 2551 710 2649 3333
728 2543 1026 2648 33313333333133
1046 2543 1091 2618 (13
1111 2542 1144 2617 13
1162 2542 1364 2629 33133333,

435 2678 502 2751 Μ3.
517 2678 549 2751 Β
571 2702 620 2779 ²9
642 2672 1004 2760 (13131131113311333,
1023 2673 1085 2749 131.
1119 2677 1318 2774 136-197.

432 2809 531 2882 Dans
554 2835 626 2881 une
651 2806 754 2912 copie
780 2806 862 2909 (ms.
888 2805 977 2881 latin
1002 2783 1206 2892 5313131.
1237 2808 1422 2903 169-236
1448 2805 1517 2907 v⁰)‚
1543 2801 1576 2879 13
1600 2802 1804 2908 chronique

331 2990 338 3006 .
378 2936 559 3041 3333111333
588 2935 653 3012 (133
680 2937 754 3014 3313
782 2937 828 3012 (13
851 2939 988 3012 1133333
1011 2966 1031 3011 3
1055 2938 1112 3011 313
1137 2935 1312 3011 conduite
1330 2933 1474 3038 jusqu'a
1497 2933 1735 3009 l'avenement
1758 2935 1805 3010 de

376 3066 545 3172 Philippe
562 3068 608 3143 de
620 3066 743 3143 Valois
757 3099 764 3141 :
780 3104 791 3133 «ι
806 3066 1029 3142 Devolutum
1048 3083 1103 3141 est
1120 3094 1273 3171 regnum
1294 3063 1340 3138 ad
1360 3064 1552 3139 dominum
1574 3063 1802 3169 Philippum,

322 3176 329 3187 ⁸
377 3199 552 3274 comitem
567 3199 613 3272 de
629 3196 792 3283 Valesi0,
812 3197 1121 3303 consanguineum
1134 3224 1348 3302 germanum
1368 3194 1547 3299 ipsorum,
1566 3211 1738 3299 tanquam
1759 3197 1805 3271 ad

377 3328 637 3433 proximiorem
655 3328 745 3433 regii
761 3329 922 3434 generis,
941 3323 1563 3434 3333333333(1333133311333133
1580 3324 1649 3400 fuit
1664 3354 1807 3430 germa-

378 3488 446 3534 nus
470 3458 582 3534 frater
600 3458 740 3534 domini
762 3457 921 3564 Philippi
946 3459 1056 3564 regis,
1074 3458 1186 3564 patris
1208 3458 1460 3563 predictorum
1484 3457 1595 3530 trium
1614 3484 1807 3561 germano-

377 3619 471 3665 rum.
489 3628 500 3655 υ
518 3590 567 3663 La
585 3589 669 3664 date
686 3590 732 3663 de
757 3592 858 3665 (333
875 3588 958 3665 n'en
974 3618 993 3663 a
1008 3618 1073 3694 pas
1088 3588 1206 3663 moins
1223 3589 1280 3662 313
1298 3588 1492 3663 333333333
1514 3616 1560 3662 33
1581 3614 1807 3662 commence-

376 3738 478 3796 ment
492 3720 539 3796 (13
555 3738 614 3797 331
627 3719 857 3826 exemplaire.

435 3985 501 4060 93.
534 3984 641 4073 Mais,
656 4013 702 4059 en
721 3987 794 4062 333
807 4015 837 4071 3,
853 3985 1015 4061 Bemard
1024 3985 1096 4063 Gui
1112 3983 1237 4089 publia
1253 4012 1326 4059 une
1340 3983 1480 4083 edition
1493 3984 1539 4059 de
1555 3982 1589 4057 13
1605 3983 1805 4087 chronique

379 4112 578 4217 anrplisree,
599 4144 644 4190 33
661 4133 984 4191 commencement
1002 4117 1048 4191 (13
1067 4114 1226 4221 laquelle
1243 4114 1267 4190 il
1285 4143 1448 4191 3333333
1464 4113 1551 4219 qu’il
1568 4114 1658 4190 ecrit
1672 4143 1758 4190 3333
1772 4114 1806 4189 13

380 4250 489 4353 regne
509 4243 556 4318 de
572 4244 741 4350 Philippe
764 4247 811 4321 de
827 4246 963 4333 valois,
978 4277 1023 4321 en
1042 4251 1137 4324 1331
1159 4279 1166 4321 :
1190 4286 1200 4313 α
1216 4248 1337 4352 Usque
1354 4245 1466 4351 ho'die
1481 4274 1557 4349 quo
1574 4243 1642 4319 hec
1663 4244 1804 4349 scripsi,

378 4371 549 4477 Philippo
567 4372 677 4478 hujus
694 4375 854 4451 nominis
872 4378 933 4453 Vll
953 4393 1143 4483 regnante,
1162 4368 1306 4483 triginta
1327 4394 1409 4453 3313
1429 4405 1533 4481 reges
1550 4376 1806 4452 tantummodo

379 4521 682 4609 computantur..
704 4537 734 4592 .;
768 4535 887 4611 usque
919 4508 964 4581 ad
995 4537 1132 4583 annum
1162 4509 1311 4584 Domini
1337 4537 1361 4583 u
1388 4535 1452 4586 ccc
1478 4534 1600 4583 xxxi.»
1630 4509 1701 4583 Les
1725 4537 1806 4613 333-

379 4635 490 4712 miers
515 4638 749 4711 33333333313
773 4637 824 4711 (13
846 4644 958 4742 regne
985 4638 1031 4713 de
1056 4638 1222 4743 Philippe
1247 4640 1293 4714 de
1316 4638 1455 4725 Valois,
1475 4637 1618 4743 jusqu’l
1637 4636 1807 4715 1333133-

381 4768 520 4842 mation
538 4766 584 4841 de
608 4766 641 4841 la
661 4768 834 4844 monnaie
853 4798 900 4845 eu
925 4773 1044 4857 3333,
1067 4786 1150 4845 3331
1171 4747 1361 4875 consignes
1379 4769 1469 4872 dans
1486 4785 1581 4844 cette
1599 4768 1804 4871 33333333,

381 4898 444 5001 qui
465 4927 503 4973 se
523 4898 678 4973 termine
700 4927 766 5003 par
784 4897 838 4975 les
856 4918 975 4976 mots:
1002 4940 1013 4969 a
1029 4919 1065 4976 et
1085 4901 1135 4976 ita
1153 4899 1223 4976 1311
1242 4918 1390 4977 moneta
1411 4899 1543 4977 debilis
1558 4898 1753 4977 reformata
1771 4918 1809 4976 et

533 5073 622 5119 3333
650 5074 754 5132 txvu,
778 5061 811 5120 α’
826 5053 944 5146 partie.
1603 5050 1647 5120 32
