4928 6382
686 540 775 627 891
1271 533 1527 622 NOTlCES

421 736 647 750 ···-·
685 720 854 788 uicorum.
878 715 918 786 In
945 740 1015 809 quc
1039 713 1202 784 lectorem
1230 711 1354 783 habere
1379 709 1533 783 desidero
1562 725 1633 783 tam
1660 708 1861 783 benivolum
1886 715 2107 806 interpretem

514 837 559 874 Ψ
686 862 790 934 quam
806 835 953 907 liberum
971 848 1207 905 correctorem.
1226 829 1330 920 Quod
1345 829 1489 929 quidem
1500 856 1538 902 cx
1555 833 1685 905 ratione
1702 833 1855 924 superius
1867 833 1942 925 jam
1960 846 2107 928 pretecte

458 930 614 1059 sermm
687 971 796 1054 potest
812 980 883 1027 non
900 952 1356 1026 inconvenienterintituleri
1366 951 1481 1023 Flores
1498 955 1715 1025 cronicorum
1735 952 1786 1025 vel
1804 955 1928 1046 magis¹
1947 953 2107 1027 (10111010-

381 1055 387 1067 ·
442 1114 559 1153 euersuri
574 1117 627 1155 cur.
685 1105 746 1174 gtts
760 1074 963 1172 pontlficum
976 1075 1220 1147 Romanorum.

737 1198 881 1292 Explicit
897 1199 1027 1292 primus
1042 1195 1213 1291 prologus.
1232 1194 1355 1289 Incipit
1371 1194 1540 1265 sccundus
1553 1197 1577 1264 2.

735 1319 776 1388 ln
792 1315 861 1387 fine
873 1341 953 1387 vero
968 1319 1089 1412 prioris
1107 1317 1234 1410 operis,
1253 1329 1324 1385 tem
1339 1328 1478 1408 propter
1493 1317 1662 1408 meipsum
1678 1338 1783 1410 quem
1797 1328 1938 1410 propter
1950 1340 2009 1387 eos
2020 1343 2108 1412 quo·

683 1464 761 1511 rum
779 1441 912 1510 animus
928 1437 1154 1534 prolixitatem
1172 1434 1310 1528 refugit,
1327 1460 1431 1530 quam
1449 1432 1588 1514 fastidit,
1606 1438 1759 1529 ipsorum
1774 1435 2008 1507 Romanorum
2023 1464 2107 1532 pcn-

682 1558 813 1631 tifrcum
831 1583 870 1628 ec
890 1561 1133 1652 imperatorum
1152 1569 1185 1626 et
1207 1580 1325 1650 regum
1342 1553 1483 1625 Francis
1501 1558 1641 1627 nomine
1662 1579 1702 1625 ec
1719 1568 1872 1651 tempore
1892 1556 2016 1650 quibus
2035 1584 2108 1653 pre

682 1680 819 1751 luerunt
839 1691 872 1747 et
891 1691 1133 1772 regnaverunt,
1156 1678 1252 1771 quasi
1277 1679 1312 1745 in
1331 1672 1483 1771 qtrodam
1508 1674 1656 1745 manuali
1679 1674 1811 1756 libello,
1838 1680 2019 1770 seperatim
2043 1678 2106 1751 suh

682 1799 888 1896 compendio
902 1813 937 1869 et
948 1797 1080 1893 epilogo
1099 1800 1259 1877 coartavi,
1273 1794 1462 1891 adjunctis³
1474 1793 1678 1891 quibusdam
1691 1794 1816 1866 notulis
1828 1799 1865 1865 in
1880 1796 2103 1893 marginibus,

683 1919 930 2016 pertinentibus
954 1917 998 1989 ad
1020 1917 1169 2012 singulos
1192 1915 1392 1991 eorumdem
1409 1913 1610 2009 pontificum
1632 1915 1881 1996 Romanorum,
1904 1916 1995 1989 idem
2013 1944 2108 1989 resu-

683 2065 780 2110 mens
792 2041 999 2133 principium
1013 2037 1204 2109 Dominum
1215 2036 1356 2108 Jhesum
1372 2034 1561 2118 Christum,
1578 2061 1684 2132 usque
1696 2035 1740 2107 ed
1753 2036 1933 2109 dominum
1946 2036 2102 2109 Clemen-

683 2177 754 2232 tem
768 2184 891 2254 papam
906 2162 1098 2255 quintumt.

734 2279 876 2374 Explicit
892 2278 1072 2353 secundus,

720 2520 817 2573 'Dens
834 2518 859 2572 le
881 2538 929 2573 ms.
953 2520 1036 2590 4987,
1060 2517 1083 2572 le
1107 2528 1163 2572 mot
1183 2516 1260 2592 mopir
1281 2536 1296 2571 0
1317 2518 1357 2572 ut

683 2589 762 2683 grette
777 2622 803 2666 et
817 2613 948 2684 remplece
962 2629 1009 2684 pur
1029 2612 1068 2663 «si
1093 2612 1175 2683 magis
1197 2610 1356 2685 placuerits,

682 2704 756 2773 locon
776 2723 828 2777 que
850 2706 1000 2777 presentent
1022 2704 1059 2757 les
1084 2722 1146 2757 mss.
1162 2706 1250 2775 4975,
1270 2705 1355 2775 4978,

683 2799 765 2868 4980,
783 2798 870 2868 4980,
891 2799 962 2869 4984
980 2802 1011 2850 'et
1033 2796 1115 2852 5088.
1134 2797 1178 2852 On
1200 2795 1231 2850 lit
1252 2797 1291 2850 «si
1314 2797 1356 2850 cui

682 2889 765 2959 magis
785 2889 928 2963 placuerit·
946 2888 1011 2943 dens
1028 2888 1066 2945 les
1088 2907 1148 2944 mes.
1163 2892 1250 2962 4974,
1267 2891 1355 2962 4976,

685 2981 897 3054 4971185080,
917 2981 987 3039 5084
1002 2993 1028 3035 et
1047 2985 1144 3037 12501.

719 3076 729 3107 ²
745 3074 815 3128 Dens
822 3074 847 3127 le
855 3092 904 3128 ms.
917 3072 997 3148 prssde
1008 3074 1152 3135 Toulouse,
1162 3094 1195 3129 00
1205 3075 1249 3128 lul.
1264 3080 1315 3149 049
1324 3078 1355 3135 ν’,

682 3168 706 3221 10
719 3166 843 3240 rubrique
854 3178 892 3221 est
905 3165 969 3220 ainsi
983 3185 1100 3235 conque:
1114 3167 1242 3243 «Explicit
1255 3170 1357 3243 primm

681 3259 812 3333 prologus.
826 3260 950 3334 Sequitur
962 3261 1093 3317 secundus
1105 3261 1132 3314 in
1146 3261 1266 3317 ultimum
1278 3263 1357 3335 perti·

681 3352 768 3407 cuum
778 3352 862 3407 tocius
873 3353 972 3426 operis,
985 3370 1036 3426 que
1049 3363 1087 3406 est
1096 3353 1169 3426 quusi
1179 3353 1291 3426 quedem
1304 3372 1357 3409 cro·

682 3446 740 3500 nice
750 3444 877 3499 manuelis
890 3464 935 3499 seu
947 3444 1032 3498 brevis
1044 3446 1191 3517 cethelcgus
1203 3444 1356 3518 pontificum

681 3540 858 3593 Romanorum
878 3556 908 3593 uc
928 3539 1116 3612 imperatorum
1135 3538 1311 3594 Romanorum
1331 3549 1358 3593 ct

681 3649 773 3703 regum
784 3631 968 3685 Francorum·

720 3726 730 3755 ³
752 3726 786 3776 Le
810 3721 848 3776 fin
875 3723 907 3778 de
936 3723 961 3777 10
985 3725 1078 3798 phrase
1108 3743 1219 3797 menque
1243 3724 1307 3778 dens
1331 3725 1356 3778 le

681 3815 1020 3888 0004975.οὺ01100818
1037 3816 1184 3891 remplecee
1200 3835 1247 3890 pur
1265 3818 1357 3892 coqui

681 3910 749 3962 suit:
762 3910 810 3963 «ln
822 3906 874 3962 fine
884 3908 959 3981 cujus
968 3911 1123 3965 subnectere
1135 3910 1212 3964 libuit
1218 3920 1355 3966 tractatum

680 4000 784 4056 brevem
803 4000 836 4056 de
853 4011 970 4075 tempore
992 4002 1176 4058 celebracionis
1195 4003 1354 4074 generalium

681 4104 706 4147 et
717 4094 914 4167 particularium
933 4096 1112 4151 conciliorum.
1131 4097 1198 4151 ltem
1218 4098 1253 4152 de
1271 4097 1355 4153 officio

680 4188 758 4242 misse
778 4206 793 4241 0
816 4188 911 4262 quibus
929 4199 955 4242 et
973 4189 1077 4262 quondo
1097 4190 1178 4245 extitit
1196 4189 1353 4245 ordinatum·

679 4280 744 4334 ltem
771 4281 877 4335 nomine
908 4282 1081 4356 apostolorum
1110 4292 1137 4337 et
1167 4282 1354 4356 discipulorum

678 4373 781 4428 Domini
809 4375 891 4429 Jlresu
924 4375 1020 4430 Christi
1050 4393 1101 4448 quc
1129 4375 1201 4447 potui
1229 4378 1353 4448 reperire.

1432 2518 1527 2572 Torius
1548 2536 1607 2573 vero
1631 2519 1717 2593 operis
1739 2516 1819 2573 linem
1844 2518 1894 2573 leci
1916 2520 1944 2573 in
1969 2539 2000 2574 eo
2017 2540 2033 2574 0
2052 2540 2103 2594 quo

1432 2612 1529 2686 sumpsi
1558 2611 1709 2672 exordium.
1736 2612 1781 2685 qui
1808 2623 1847 2666 est
1868 2613 1968 2686 primus
1993 2624 2019 2666 et
2045 2611 2103 2666 finis

1432 2704 1558 2758 Dominus
1573 2705 1667 2758 Jhesus
1679 2704 1811 2764 Christus,
1823 2704 1967 2776 colligendo
1981 2707 2030 2759 sub
2040 2726 2102 2779 quo·

1432 2796 1493 2850 dem
1507 2797 1578 2851 brevi
1593 2797 1760 2870 compendio,
1771 2797 1843 2870 quasi
1858 2795 1972 2870 epilogo,
1987 2797 2103 2869 plurium

1432 2890 1617 2962 scripturorum
1631 2888 1722 2945 decem
1735 2901 1856 2965 precepto
1867 2889 1932 2963 legis
1943 2900 1970 2943 et
1981 2889 2105 2944 articulus

1384 3048 1387 3053 ἱ
1431 2980 1492 3036 fidei
1517 3000 1547 3036 ec
1570 2994 1731 3038 sacramente
1756 2983 1881 3044 ecclesie,
1902 2982 1976 3036 dotes
2000 3000 2104 3057 quoque

1431 3085 1530 3148 septem
1550 3075 1631 3148 glorie
1653 3075 1785 3129 beatorum
1806 3094 1867 3129 cum
1890 3075 2003 3130 Domino
2020 3075 2103 3129 ihesu

1432 3168 1562 3224 Christo.»
1572 3169 1644 3224 'lelle
1656 3180 1694 3224 est
1708 3170 1777 3223 aussi
1787 3169 1814 3223 10
1824 3170 1899 3237 locon
1911 3168 1946 3223 du
1957 3188 2006 3222 rns.
2021 3170 2104 3240 4984,

1431 3261 1496 3317 dens
1508 3262 1594 3336 lequel
1609 3261 1743 3323 toutefois,
1754 3281 1788 3316 eu
1800 3262 1854 3317 lieu
1868 3261 1902 3317 de
1917 3262 1980 3335 equi
1995 3271 2035 3316 est
2050 3262 2103 3335 pri·

1431 3375 1491 3409 mus
1507 3365 1533 3410 et
1545 3353 1638 3417 finies,
1654 3374 1689 3409 cn
1704 3356 1733 3409 lit
1746 3376 1752 3408 ε
1767 3356 1829 3428 «qui
1850 3366 1889 3411 est
1904 3354 2061 3430 principium
2078 3365 2103 3407 ct

1431 3447 1491 3501 linis
1503 3449 1650 3502 omnium.»

1468 3541 1479 3574 l
1498 3543 1548 3596 Les
1567 3541 1684 3595 derniers
1706 3551 1774 3594 mets
1798 3551 1844 3594 ont
1866 3541 1906 3594 ete
1928 3539 2020 3612 partis
2039 3539 2103 3593 dens

1432 3636 1503 3707 4987
1525 3644 1550 3687 et
1572 3633 1636 3688 dens
1656 3633 1682 3687 le
1700 3633 1841 3687 manuscrit
1859 3632 1892 3686 de
1910 3631 2057 3689 Toulouse.
2077 3641 2104 3683 et

1430 3728 1572 3801 remplecer
1598 3744 1646 3800 per
1670 3744 1770 3799 «usque
1792 3725 1824 3779 ed
1846 3725 1984 3780 dominum
2006 3724 2102 3778 lohan-

1430 3839 1492 3876 nem
1504 3838 1598 3895 pepem
1609 3820 1715 3881 xxti»,
1729 3819 1805 3887 leuen
1820 3818 1866 3891 qui
1883 3828 1922 3873 est
1936 3818 2025 3891 preste
2038 3815 2102 3869 drus

1430 3914 1455 3967 le
1469 3923 1537 3969 terte
1551 3913 1597 3967 des
1611 3912 1797 3985 msslp76A,
1811 3912 1897 3983 4980,
1911 3912 1998 3982 4980,
2015 3910 2102 3979 4985.

1431 4007 1514 4069 508ι,
1538 4007 1609 4065 5084
1630 4017 1656 4061 et
1675 4009 1773 4062 12501.
1790 4036 1826 4047 -
1844 4005 1893 4059 tn
1915 4007 2015 4057 memes
2033 4011 2102 4055 muts

1430 4109 1475 4153 ont
1490 4100 1530 4155 ete
1542 4100 1635 4171 grettes
1648 4099 1714 4155 dens
1724 4100 1797 4171 4988
1813 4107 1838 4151 et
1851 4098 1937 4168 4986,
1953 4105 1979 4149 et
1991 4093 2103 4168 remptr-

1430 4194 1473 4247 060
1485 4212 1532 4267 per
1545 4211 1646 4266 rusque
1657 4192 1689 4247 etl
1704 4192 1875 4266 apostolatum
1891 4188 1990 4245 demini
2004 4188 2103 4242 ‚lohan-

1430 4286 1471 4339 nis
1480 4304 1547 4361 pepe
1556 4287 1660 4351 XXII»,
1679 4286 1739 4340 c'est
1753 4286 1778 4339 10
1792 4286 1866 4353 lopun
1881 4283 1926 4338 des
1940 4300 2003 4337 mss·
2020 4286 2101 4354 4977.

1432 4380 1518 4451 4978,
1531 4382 1614 4450 498ι,
1629 4378 1716 4439 5080,
1730 4377 1818 4437 5088,
1834 4377 1906 4433 5086
1921 4387 1947 4430 et
1962 4374 2044 4432 5048,
