4928 6382
802 527 912 613 ors
945 526 1335 642 uluuscarrs.
1692 530 1780 616 sco

358 707 554 802 Philippum
571 719 603 776 et
619 703 813 786 Matheum,
833 718 947 800 gentes
962 718 995 775 et
1011 704 1167 776 valitores
1184 730 1319 786 eorum,
1340 729 1381 774 ex
1397 704 1514 787 altera,
1535 720 1683 802 treugas,
1703 734 1781 803 qua-

255 818 258 821 *
358 854 436 898 rum
453 827 548 899 fedus
570 830 660 922 pacis
677 824 807 896 inducit
828 829 1035 922 ymaginem,
1054 829 1250 895 auctoritate
1273 825 1470 919 apostolica,
1494 825 1537 896 de
1560 828 1701 898 consilio
1718 827 1781 898 lra-

357 963 448 1019 tnnu
462 962 673 1029 nostrorum,
690 945 887 1027 indicimus,
903 946 1071 1040 usquead
1088 970 1143 1015 sax
1161 971 1306 1026 menses,
1325 946 1573 1040 computandos
1590 974 1609 1017 a
1626 947 1680 1018 die
1695 953 1780 1019 noti·
1832 918 2008 1047 nnqspans

358 1066 529 1140 lioacionis
554 1093 612 1138 seu
642 1065 885 1162 publicacionis
916 1090 1053 1147 earum,
1082 1064 1224 1137 lirmiter
1255 1065 1450 1149 duraturam
1479 1080 1511 1136 et
1537 1070 1573 1136 in
1600 1094 1719 1140 omnes
1748 1085 1780 1140 et
1836 1104 1954 1141 cannino
1969 1104 2022 1143 sor.

358 1189 506 1283 singulos
534 1202 664 1283 treugas
695 1185 913 1281 infringentes
941 1185 1094 1268 easdem,
1124 1200 1182 1256 aut
1212 1185 1472 1281 quomodolibet
1500 1213 1571 1256 non
1597 1203 1777 1267 servantes,

359 1311 721 1379 excommunicacionis
737 1310 943 1378 sentenciam
951 1306 1229 1405 promulgamus,
1247 1330 1318 1377 non
1331 1306 1484 1377 obstante
1494 1310 1522 1376 si
1533 1311 1578 1378 eis
1593 1323 1652 1378 aut
1661 1334 1780 1379 eorum

360 1428 473 1509 alicui,
495 1427 558 1498 suh
576 1452 778 1524 quacunque
800 1425 910 1497 sonna
924 1428 976 1497 vel
994 1430 1222 1522 concepcione
1239 1427 1438 1507 verborum,
1462 1453 1481 1497 a
1501 1427 1578 1498 sede
1597 1428 1780 1522 apostolica

359 1552 401 1618 sit
419 1547 591 1619 indultum
608 1548 702 1643 quod
726 1550 1008 1619 excommunicari
1032 1574 1103 1621 non
1128 1551 1257 1643 possint
1279 1572 1342 1642 per
1367 1548 1490 1617 litteras
1516 1548 1602 1618 sadis
1628 1548 1781 1644 ejusdem

358 1695 429 1741 nou
455 1669 612 1739 facientes
635 1667 772 1763 plenam
794 1682 828 1738 et
848 1693 1053 1762 expressam,
1077 1694 1115 1739 ac
1140 1668 1182 1738 de
1204 1668 1306 1740 verbo
1332 1668 1375 1739 ad
1401 1668 1556 1751 verbum,
1584 1668 1627 1739 de
1648 1670 1780 1740 indulto
1828 1642 1834 1656 ⁹

358 1789 555 1886 hujusmodi
570 1793 802 1871 mencionem,
822 1804 855 1858 st
872 1787 1021 1884 qualibet
1037 1789 1099 1859 alia
1117 1789 1204 1860 dicte
1219 1788 1305 1861 sedis
1323 1788 1552 1884 indulgencia,
1568 1790 1713 1884 generali
1730 1791 1781 1860 vel

358 1910 508 2006 speciali,
523 1914 755 2006 cujuscunque
770 1912 895 1980 tenoris
911 1910 962 1978 vel
981 1912 1198 2004 expressionis
1214 1912 1341 1989 existat,
1360 1935 1421 2004 per
1437 1935 1541 2006 quam
1557 1908 1693 1980 effectus
1710 1935 1782 2004 pre

358 2035 509 2102 sancium
526 2029 683 2125 impediri
705 2035 810 2125 possit
826 2030 879 2102 vel
898 2029 1158 2127 quomodolibet
1174 2029 1345 2101 retardari.
1364 2030 1512 2124 Treugas
1530 2044 1643 2100 antem
1662 2044 1695 2100 et
1710 2055 1782 2099 sen-

358 2154 504 2223 tenciam
522 2151 702 2222 antedictas
720 2176 738 2220 a
758 2151 813 2221 die
830 2149 1073 2222 notificacionis
1094 2165 1128 2219 et
1141 2150 1384 2244 puhlicacionis
1402 2154 1551 2245 ipsarum
1569 2176 1669 2220 suum
1687 2150 1781 2220 ellec-

359 2285 433 2341 tum
455 2272 610 2343 volumus
635 2269 797 2342 obtinere.
823 2270 866 2341 Et
889 2270 1131 2341 nichilominus
1155 2295 1272 2340 omnes
1296 2284 1329 2341 et
1354 2270 1499 2364 singulas
1526 2274 1778 2364 promissiones,
1903 2260 1909 2269 ’

360 2390 597 2487 obligationes,
625 2390 940 2472 confederacione,
966 2390 1199 2486 colligaciones
1226 2416 1327 2485 super
1348 2389 1551 2487 ⁸hujusmodi
1573 2389 1781 2460 dissencione

359 2537 417 2580 seu
440 2509 606 2581 discordia
633 2511 812 2582 nutrienda
836 2516 924 2581 inter
945 2536 1060 2606 regem
1081 2515 1192 2605 ipsum
1220 2527 1253 2580 et
1275 2526 1411 2606 gentem
1435 2535 1531 2580 suam
1559 2524 1592 2579 et
1617 2509 1781 2604 quoslibet

358 2630 456 2711 alios,
482 2656 520 2700 ex
542 2658 610 2702 una
634 2646 746 2727 parte,
774 2646 807 2701 et
830 2629 1209 2726 predictos‘comitem,
1239 2630 1495 2711 marchionem,
1526 2628 1723 2724 Philippum
1750 2643 1782 2698 et

359 2750 549 2832 Matheum,
575 2767 689 2847 gentes
714 2777 833 2821 eorum
859 2765 892 2822 et
914 2752 995 2823 alios
1016 2754 1164 2846 quosvis,
1189 2778 1227 2820 ex
1251 2752 1369 2832 altera,
1399 2754 1512 2827 initas.
1538 2751 1642 2821 veluti
1665 2763 1781 2819 contra

357 2871 490 2942 bonum
510 2876 602 2967 pacis
617 2887 829 2967 presumptas
847 2872 959 2943 illicite
982 2885 1014 2941 et
1035 2884 1265 2965 attemptatas,
1287 2871 1456 2942 indiviae
1478 2873 1660 2966 majestatis
1681 2870 1782 2940 offen-

358 3019 445 3074 sam,
472 3007 504 3063 et
525 3018 745 3089 quascunque
767 3017 870 3087 penas
894 2992 1039 3088 adjectas
1063 3017 1102 3063 ac
1118 2995 1313 3087 juramenta
1335 2996 1470 3086 prestita
1491 3017 1593 3087 super
1615 2992 1697 3071 illis,
1718 2990 1781 3061 sub

359 3113 617 3217 quibuscunque
630 3112 754 3193 forma,
770 3112 874 3183 modo
892 3113 944 3183 vel
959 3115 1168 3206 expressione
1182 3112 1384 3193 verborum,
1402 3117 1579 3206 presertim
1597 3138 1677 3183 cum
1688 3115 1781 3205 jura-

358 3214 513 3304 mentum
529 3233 704 3304 vinculum
720 3236 902 3328 iniquitatis
924 3256 1078 3302 essenon
1097 3231 1233 3313 debeat,
1257 3258 1296 3301 ex
1313 3258 1405 3301 nunc
1425 3232 1516 3302 nulla
1539 3231 1612 3303 lora
1634 3232 1782 3301 decerni·

359 3379 455 3434 mus,
480 3368 514 3424 et
535 3366 699 3448 quatenus
721 3352 764 3424 de
788 3352 876 3423 lacto
898 3354 1121 3448 processerint
1143 3356 1321 3423 irritamus.
1347 3352 1437 3424 Nulli
1460 3366 1519 3423 etc.
1544 3367 1658 3423 nostre
1679 3351 1782 3423 indic·

358 3477 477 3555 tionis,
508 3473 812 3569 promulgacionis,
839 3474 1038 3555 voluntatis,
1066 3477 1320 3547 constitucionis
1355 3488 1387 3543 et
1415 3475 1625 3544 irritacionis.
1656 3473 1781 3544 Datum

359 3591 539 3676 Arinione,
557 3596 603 3668 IV
618 3594 693 3667 idus
709 3596 844 3675 Marcii,
862 3619 951 3667 anno
966 3598 1091 3690 primo.

1908 824 1953 862 LES

617 3790 828 3862 Committitur
835 3788 995 3886 judicibus
1012 3788 1091 3885 quod
1109 3788 1264 3897 notificent
1280 3788 1379 3859 dictos
1397 3801 1529 3887 oengus.

409 3956 548 4029 Dilectis
564 3958 640 4029 filiis
657 3957 815 4029 fratribus
834 3957 1007 4029 Bernardo
1027 3956 1212 4037 Guidonis,
1237 3956 1365 4027 ordinis
1383 3956 1655 4037 Predicatorum,
1675 3958 1783 4050 inqui·

359 4080 451 4147 sitori
471 4078 616 4149 heretice
633 4082 801 4174 prauitatis
817 4082 854 4148 in
870 4104 975 4174 regno
994 4078 1134 4150 Francis
1151 4103 1212 4172 per
1230 4077 1345 4148 sedem
1363 4078 1582 4172 apostolicam
1601 4076 1779 4170 deputato,

360 4209 393 4265 et
408 4196 593 4268 bertrando
611 4198 654 4268 de
670 4199 793 4281 Turre,
812 4200 939 4269 ordinis
957 4199 1112 4271 Fratrum
1131 4199 1305 4269 Minorum
1320 4198 1516 4294 provinciali
1534 4197 1722 4292 Aquitanis.
1740 4196 1784 4267 Et

359 4318 385 4386 si
404 4315 445 4386 ad
464 4320 555 4413 pacis
571 4331 629 4388 etc.
650 4312 682 4389 ul
703 4323 736 4390 iu
751 4324 893 4413 proximu
913 4323 1076 4417 superiori,
1096 4345 1191 4417 usque
1211 4334 1244 4389 et
1264 4317 1307 4389 ad
1326 4317 1577 4414 providendum
1596 4321 1696 4387 tantis
1718 4315 1783 4387 dis·

360 4436 556 4507 criminibus
570 4452 724 4508 nostrum
743 4440 895 4509 officium
913 4439 1112 4535 interpellat.
1132 4439 1220 4526 Quia
1237 4443 1338 4534 igitur
1355 4438 1398 4509 ad
1413 4462 1476 4509 nos
1491 4451 1549 4508 etc.
1565 4450 1600 4507 ut
1617 4435 1781 4519 incudem,

361 4583 454 4654 usque
471 4556 666 4654 diligencius
684 4558 870 4640 observari,
891 4573 929 4630 ut
947 4561 1058 4642 vohis,
1075 4583 1163 4654 quos
1181 4560 1224 4631 ad
1243 4575 1354 4654 partes
1375 4564 1460 4655 ipsas
1478 4584 1539 4654 pro
1558 4556 1731 4628 tractanda
1750 4573 1782 4627 et

360 4678 575 4750 reformanda
593 4679 774 4752 concordia
792 4684 881 4751 inter
897 4706 1057 4776 personas
1072 4681 1238 4777 predictas
1255 4680 1468 4777 providimus
1486 4679 1719 4763 destinandos,
1739 4678 1782 4750 ad

359 4799 409 4882 id,
423 4802 519 4894 juxta
538 4814 692 4872 nostrum
709 4800 933 4883 desiderium,
953 4805 1006 4875 via
1024 4828 1065 4873 eo
1082 4806 1230 4896 paratior
1247 4815 1305 4875 etc.
1325 4816 1357 4875 ut
1381 4805 1413 4873 iu
1436 4800 1544 4874 eudem
1559 4827 1652 4900 usque
1669 4815 1783 4874 auoto-
