4928 6382
817 533 927 618 DES
959 533 1354 625 MANUSCRITS.
1709 533 1794 620 [109

424 715 510 785 Item
527 713 611 784 alius
621 712 744 784 modus
761 710 925 808 loquendi
939 711 981 782 de
999 710 1130 782 eodem.

423 836 510 906 Item
524 835 608 906 alius
626 833 750 905 modus
764 831 926 929 loquendi
942 831 984 902 de
1000 831 1133 902 eodem.

424 957 548 1028 Forma
566 956 810 1050 recognicionis
825 952 867 1023 de
886 953 1058 1023 solucione
1076 951 1161 1023 lacta
1178 953 1378 1046 inquisitori.

424 1079 547 1147 Forma
565 1078 672 1146 littere
695 1073 932 1146 committendi
950 1074 1065 1143 locum
1084 1076 1299 1169 inquisitoris.

423 1198 510 1268 Item
526 1197 634 1268 forma
653 1198 714 1267 alia
733 1196 775 1267 de
793 1196 913 1268 eodem
932 1197 968 1264 in
983 1219 1064 1266 casu
1077 1195 1223 1289 speciali.

424 1319 545 1389 Littera
560 1317 603 1388 de
617 1317 762 1413 bospitio
776 1318 1014 1413 inquisitorum
1033 1315 1180 1386 Tholose
1199 1341 1269 1384 non
1283 1315 1494 1409 exponendo.

423 1440 547 1509 Forma
562 1439 793 1535 requisicionis
805 1437 972 1507 librorum
988 1436 1209 1506 talmutorum
1219 1434 1408 1505 Judeorum
1422 1436 1485 1506 sub
1498 1461 1584 1531 pena
1600 1462 1795 1508 excommu-

371 1585 563 1631 mcacroms.

424 1682 546 1751 Forma
564 1680 786 1774 mitigacionis
803 1682 891 1750 circa
914 1704 1038 1773 penam
1060 1680 1227 1748 sentencie
1248 1680 1609 1748 excommunicacionis
1627 1706 1664 1748 ex
1685 1706 1793 1750 causa.

422 1802 598 1871 Sentencia
629 1800 991 1870 excommunicacionis
1021 1812 1138 1869 contra
1167 1797 1355 1868 detentores
1382 1813 1414 1868 et
1441 1799 1602 1869 celatores
1630 1799 1795 1870 librorum

370 1921 571 1993 Judeorum.

422 2042 608 2139 llequisitio
627 2042 798 2112 senescalli
816 2041 968 2135 Agenesii
988 2048 1089 2136 'super
1107 2041 1201 2111 libris
1217 2040 1417 2111 ludeomm.

422 2163 624 2234 Commissio
653 2163 740 2233 sacta
763 2167 867 2258 priori
894 2164 1050 2233 Fratrum
1073 2163 1326 2234 Predicatorum
1351 2165 1481 2258 Agenni
1503 2190 1604 2259 super
1623 2163 1716 2235 libris
1737 2165 1796 2236 Ju-

371 2286 515 2357 deorum
530 2285 750 2381 inquirendis.

422 2409 597 2478 Sentencia
615 2408 977 2477 excommunicacionis
992 2421 1108 2476 contra
1124 2405 1315 2476 detentores
1333 2421 1365 2475 et
1381 2407 1539 2476 celatores
1556 2405 1722 2477 librorum
1735 2406 1794 2477 Ju-

371 2524 515 2598 deorum
534 2532 567 2596 in
585 2527 777 2597 senescallia
794 2529 934 2622 Agenni.

421 2650 545 2719 Modus
566 2675 624 2719 seu
642 2647 751 2718 forma
766 2653 934 2719 sentencie
957 2648 1162 2718 absolutorie
1182 2649 1375 2743 aliquorum
1396 2653 1455 2743 qui
1475 2648 1614 2719 suerrmt
1631 2649 1792 2744 inculpati

369 2797 429 2839 seu
447 2768 610 2840 diffamati
628 2769 670 2838 de
689 2769 856 2863 aliquibus
872 2769 1041 2840 erroribus
1053 2784 1111 2839 aut
1123 2770 1320 2840 criminibus
1335 2795 1436 2865 super
1452 2769 1575 2866 quibus
1589 2770 1794 2841 sufficienter

370 2894 518 2987 inquisiti
537 2892 771 2971 inexaminati,
787 2918 866 2960 cum
882 2918 952 2961 non
970 2890 1094 2960 fuerint
1108 2890 1249 2960 confessi
1264 2917 1326 2960 nec
1336 2895 1482 2963 convicti
1495 2892 1647 2971 testibus,
1668 2895 1794 2961 inventi

369 3026 447 3081 sunt
461 3015 658 3082 innocentes
673 3025 705 3080 et
720 3013 897 3080 immunes.

422 3132 546 3203 Modus
564 3146 598 3203 et
619 3131 724 3202 forma
748 3132 936 3226 assignandi
955 3146 1082 3201 certam
1101 3133 1331 3226 provisionem
1352 3131 1563 3202 reddendam
1579 3160 1639 3203 seu
1657 3139 1791 3228 pensiou

369 3279 450 3323 nem
464 3278 610 3323 annuam
626 3251 887 3348 persolvendam
903 3250 1071 3350 aliquibus
1086 3250 1245 3323 iratribus
1259 3260 1319 3347 qui
1330 3251 1467 3325 luerunt
1477 3254 1520 3324 de
1533 3254 1654 3325 ordine
1666 3255 1792 3326 milicie

369 3374 516 3446 condam
544 3375 696 3469 Templi,
725 3391 906 3471 postquam
935 3379 1113 3446 examinati
1143 3374 1321 3472 diligenter
1350 3378 1480 3447 inventi
1500 3391 1535 3448 et
1552 3375 1695 3471 judicati
1714 3393 1791 3448 sunt

369 3501 413 3566 in.
424 3512 458 3567 et
473 3521 578 3591 super
594 3496 771 3567 heresibus
786 3511 819 3567 et
838 3495 1037 3568 criminibus
1054 3496 1236 3593 dequibus
1255 3497 1470 3569 habebantur
1488 3502 1634 3594 suspecti
1657 3500 1792 3593 penitus

368 3623 578 3691 innocentes.

420 3740 544 3812 Modus
562 3766 621 3812 seu
645 3740 755 3812 forma
774 3741 817 3811 de
838 3744 1033 3837 provisione
1051 3740 1203 3812 iacienda
1222 3744 1321 3812 certis
1341 3741 1500 3813 iratribus
1523 3743 1566 3814 de
1589 3742 1709 3814 ordine
1728 3746 1792 3812 mi-

367 3863 444 3932 licie
465 3863 641 3958 quondam
659 3862 795 3958 Templi
818 3889 855 3934 ex
872 3866 1115 3934 commissione
1132 3864 1331 3958 apostolica.
1348 3865 1485 3957 speciali
1503 3891 1574 3936 uno
1599 3890 1638 3935 ex
1661 3863 1789 3935 eisdem

367 3982 526 4056 fratribus
542 4000 712 4080 presente,
733 4011 795 4080 pro
810 4010 845 4055 se
862 4000 896 4055 et
909 4009 970 4080 pro
984 3984 1100 4055 multis
1114 3985 1186 4055 aliis
1201 3984 1396 4056 absentibus
1411 3988 1613 4057 nominatim
1631 3988 1791 4079 expressis

368 4106 590 4199 supplicante.

418 4224 597 4320 Sequitur¹
618 4231 720 4298 tercia
735 4253 829 4322 pars,
841 4232 876 4299 in
896 4255 962 4325 qua
982 4228 1124 4301 traditur
1135 4230 1259 4301 modus
1273 4245 1306 4300 et
1323 4229 1409 4301 ordo
1421 4255 1540 4300 eorum
1554 4255 1621 4326 que
1638 4233 1672 4299 in
1686 4253 1788 4325 gene·

367 4346 428 4416 rali
452 4371 611 4419 sermone
639 4350 877 4443 inquisilomm
901 4354 936 4420 in
960 4353 1129 4446 principio
1152 4364 1231 4421 sunt
1253 4350 1393 4445 agenda.
1418 4352 1503 4422 ltem
1527 4350 1791 4437 conscribuntur

369 4468 461 4541 modi
480 4484 514 4539 et
531 4468 641 4541 forme
659 4484 729 4539 tam
748 4474 1020 4565 penitenciamm
1040 4497 1145 4566 quam
1159 4475 1410 4543 sentenciarum
1430 4499 1497 4570 que
1514 4475 1740 4568 imponuntur
1756 4484 1790 4541 et

367 4589 525 4662 feruntur
547 4591 754 4686 judicialiter
777 4596 812 4661 in
842 4616 1001 4663 sermone
1028 4606 1097 4663 tam
1122 4592 1352 4688 penitentibus
1382 4620 1485 4691 quam
1512 4595 1620 4668 eciam
1648 4594 1791 4687 impeni-

405 4862 412 4891 ¹
433 4860 480 4913 lla.
498 4861 547 4931 98.
564 4858 608 4914 lol.
625 4863 659 4919 tt
676 4862 713 4924 νῆ
735 4879 782 4913 ms.
805 4863 869 4931 196,
887 4859 930 4915 fol.
953 4862 986 4916 ab
1004 4864 1037 4913 τ’.

495 5000 585 5046 roua
604 5000 704 5059 xxvix,
729 4985 762 5045 a·
779 4978 898 5071 partie.

1925 830 1969 867 [Β

1868 923 2023 961 ΙᾸΝΙΙΒΕΜἨ

1928 1017 1962 1054 DE

1852 1109 1968 1147 etnsxnn
1984 1112 2037 1147 GUI.
