4928 6382
913 1030 1276 1127 APPENDICE.

1085 1455 1101 1526 l

485 1640 605 1689 serrae
625 1638 756 1687 neuvor
781 1639 819 1685 nn
839 1638 876 1685 ns
900 1637 1116 1685 courrnlrrou
1140 1637 1198 1685 suu
1218 1637 1396 1686 rrarsrorns
1421 1637 1478 1686 oss
1496 1639 1704 1688 nonturcuus

753 1760 771 1806 a
791 1738 894 1807 sulus
912 1758 1044 1815 srusur,
1062 1738 1183 1807 neiron
1201 1759 1242 1807 nn
1260 1738 1428 1825 unusual„

942 1852 989 1965 (ᾗ
1004 1894 1141 1949 decembre
1155 1894 1247 1961 nos.)

431 2064 627 2138 Reverendo
641 2067 725 2160 patri
746 2068 781 2134 in
799 2063 935 2135 Christo
952 2062 1043 2135 lratri
1057 2063 1234 2161 Aymerico
1248 2068 1406 2161 magistro
1421 2063 1548 2136 ordinis
1559 2064 1715 2136 Fratrum
1730 2066 1809 2137 Pre-

379 2188 586 2267 dioatorum,
598 2185 702 2258 frater
711 2185 1096 2258 BernardnsGuidonis⁹
1107 2189 1143 2256 in
1158 2201 1329 2258 conventu
1344 2188 1499 2258 Fratrum
1512 2186 1666 2284 ejusdem
1680 2188 1808 2260 ordinis

379 2314 415 2381 in
426 2309 550 2383 Castris
556 2308 669 2380 Sancti
680 2307 855 2381 Vincencii
865 2333 977 2378 servus
987 2307 1158 2387 modicus,
1173 2306 1372 2378 obediencie
1385 2307 1498 2379 debite
1510 2334 1636 2379 munus
1651 2313 1808 2406 exiguum

378 2430 439 2502 sed
450 2430 624 2502 devotum.
635 2428 772 2501 lussum
786 2444 950 2509 vestrum,
966 2432 1171 2524 promissum
1180 2450 1314 2508 meum,
1328 2455 1438 2525 nuper
1455 2457 1474 2499 a
1490 2429 1584 2502 vobis
1600 2445 1775 2527 tamquam
1791 2458 1809 2501 a

379 2568 474 2647 patre
486 2550 557 2623 lilio
573 2555 770 2647 impositum
784 2550 946 2646 vobisque
960 2576 979 2620 a
993 2576 1048 2621 me
1064 2550 1218 2622 oblatum
1231 2565 1269 2621 ut
1282 2549 1436 2623 debitum
1452 2555 1486 2623 in
1500 2552 1650 2648 capitulo
1664 2553 1809 2649 generali

378 2673 588 2754 Tholosano,
605 2673 648 2745 de
663 2673 727 2743 hiis
739 2698 807 2769 que
824 2672 975 2769 subjecta
992 2686 1071 2744 sunt
1089 2670 1137 2743 fui
1153 2673 1315 2744 sollicitus
1330 2672 1514 2769 adimplere
1530 2699 1570 2746 eo
1587 2675 1709 2769 majori
1725 2674 1809 2745 desi-

379 2794 475 2867 derio
493 2821 563 2892 quo
579 2799 681 2892 cupio
697 2794 926 2867 amelioribus
944 2821 1011 2892 que
1026 2795 1149 2867 desunt
1161 2794 1310 2890 suppleri
1325 2810 1359 2866 et
1377 2794 1493 2892 perfici
1506 2810 1542 2866 et
1553 2795 1640 2867 adici
1656 2799 1808 2891 pociora,

378 2943 418 2990 ac
449 2933 569 3014 optans
593 2922 719 3015 pariter
743 2933 776 2989 et
803 2920 1001 3015 expectans⁸
1026 2934 1065 2989 ut
1091 2944 1152 3013 per
1178 2934 1319 2989 vestram
1346 2933 1520 3014 paternam
1548 2919 1811 2992 sollicitudinem

378 3066 483 3137 quam
505 3044 592 3111 circa
613 3040 676 3111 hec
700 3055 733 3110 et
756 3040 877 3110 similia
900 3040 1052 3135 religioni
1076 3039 1197 3111 devota
1219 3043 1448 3137 vicinioraque
1471 3041 1568 3111 soluti
1589 3040 1811 3112 animadverti

379 3161 529 3234 deditam
548 3177 582 3232 et
599 3165 780 3241 intentam,
797 3164 845 3232 sic
863 3161 984 3232 debeat
999 3165 1034 3231 iu
1053 3174 1230 3256 posterum
1242 3160 1432 3256 provideri,
1451 3176 1490 3231 ut
1505 3161 1550 3232 de
1566 3176 1639 3234 toto
1656 3160 1811 3233 Predica·

379 3298 493 3354 torum
508 3283 642 3363 ordine,
659 3286 714 3354 cui
730 3282 812 3354 inibi
830 3281 947 3378 prelici
965 3308 1024 3353 vos
1038 3282 1186 3354 vidimus
1201 3282 1278 3354 loco
1292 3282 1371 3364 Dei,
1384 3282 1585 3378 colligantur
1596 3308 1663 3379 que
1678 3308 1811 3378 supera·

379 3418 500 3475 verunt
515 3402 700 3500 fragmenta
717 3407 884 3476 memoria
904 3419 937 3475 et
951 3403 1050 3475 laude
1068 3403 1184 3499 digna,
1202 3430 1245 3473 ne
1256 3402 1426 3476 oblivione
1444 3407 1585 3475 omnino
1601 3417 1740 3500 pereant
1755 3418 1812 3474 aut

380 3526 533 3622 neglectu
558 3525 683 3622 quihus
707 3525 800 3598 relici
827 3541 954 3622 queant
976 3529 1160 3597 esurientes
1184 3552 1347 3622 pauperes
1374 3541 1407 3597 et
1435 3528 1571 3608 nutriri,
1595 3523 1811 3620 habeantque

380 3648 493 3720 devoti
515 3653 551 3720 in
573 3647 696 3745 quibus
717 3673 776 3720 sua
803 3649 939 3721 devotio
960 3649 1106 3744 amplius
1128 3663 1296 3744 augeatur,
1326 3648 1476 3721 indevoti
1497 3673 1577 3719 vero
1600 3646 1693 3719 unde
1715 3663 1812 3743 tepor

380 3769 518 3842 nccendi
539 3786 572 3842 et
589 3774 728 3867 pigricie
747 3786 870 3867 torpor
884 3771 990 3843 valeat
1009 3774 1159 3852 excitari,
1179 3773 1292 3841 cuncti
1311 3795 1447 3868 quoque
1465 3774 1623 3843 noverint
1639 3774 1690 3841 sui
1708 3785 1811 3841 status

381 3892 567 3988 primordia
586 3908 619 3965 ct
637 3919 831 3991 progressus
850 3908 883 3963 et
905 3896 993 3964 circa
1015 3896 1126 3988 ipsum
1146 3907 1327 3989 agnoscant
1351 3891 1472 3963 clarius
1494 3891 1608 3963 divine
1628 3892 1810 3963 clemencie

381 4014 581 4087 bonitatem.
599 4015 671 4086 Hec
689 4031 804 4087 autern
816 4031 895 4087 sunt
912 4041 979 4113 que
994 4015 1143 4112 subjecta
1160 4029 1248 4101 sunt.

434 4133 551 4205 Primo
564 4150 724 4207 tractatus
734 4136 875 4233 quidam
885 4136 995 4209 brevis
1010 4136 1155 4233 religiosi
1165 4139 1227 4209 viri
1238 4139 1305 4208 vite
1322 4134 1520 4207 venerabilis
1529 4135 1638 4207 lintris
1648 4136 1810 4232 Stephani

381 4255 424 4326 de
438 4255 641 4339 Salanhaco,
654 4283 729 4328 mee
746 4258 990 4330 lemovicensis
1001 4258 1166 4356 dyocesis,
1186 4258 1229 4329 de
1245 4272 1392 4356 quatuor
1404 4262 1437 4328 in
1454 4257 1577 4355 quibus
1590 4257 1683 4329 Deus
1701 4255 1812 4327 Predi·

381 4393 538 4450 catorum
565 4378 723 4450 ordinem
753 4383 935 4479 insignivit,
963 4406 1068 4477 quern
1095 4380 1137 4452 de
1162 4407 1267 4452 manu
1293 4407 1351 4452 sua
1381 4383 1626 4476 conscriptum,
1655 4370 1811 4450 nonduin

419 4611 491 4667 ¹Ms.
510 4612 544 4675 55
563 4612 596 4665 de
615 4611 757 4672 Toulonse,
773 4610 818 4667 lol.
838 4633 864 4675 ις
884 4630 933 4666 ms.
955 4611 1008 4683 ²7³
1024 4612 1058 4666 de
1172 4616 1181 4645 ¹
1199 4613 1237 4667 Le
1259 4623 1313 4666 mot
1336 4609 1456 4666 Gnidon's
1483 4629 1596 4686 rnenqne
1621 4609 1686 4666 dans
1710 4609 1736 4664 le
1762 4627 1811 4664 ms.

381 4704 524 4766 Toulouse,
540 4704 584 4759 lol.
598 4710 628 4768 l:
643 4724 691 4760 ms.
705 4705 955 4777 780deBordeuu1,
966 4703 1010 4760 sol.
1029 4725 1057 4768 ις
1133 4703 1238 4780 d'Agen.

382 4817 430 4853 ms.
444 4799 506 4853 lstin
520 4800 593 4857 5486
606 4799 638 4855 de
650 4797 674 4853 la
689 4798 755 4854 Bibl.
771 4809 838 4862 nst,
853 4818 880 4873 p.
900 4822 927 4861 ις
943 4818 991 4854 ms.
1001 4799 1058 4854 ‹t'l-
1170 4800 1181 4832 ⁸
1200 4796 1245 4855 On
1259 4816 1273 4852 a
1289 4801 1375 4873 ajout&
1392 4800 1416 4854 le
1434 4809 1489 4854 mot
1504 4798 1596 4873 pariter
1612 4817 1647 4854 en
1666 4814 1755 4872 merge
1776 4797 1812 4853 du

381 4910 443 4964 gen,
457 4891 501 4947 sol.
517 4914 538 4948 ι.
1133 4912 1182 4947 ms.
1198 4891 1303 4967 d'lgen.

512 5033 601 5080 rone
619 5034 722 5092 nvn,
745 5019 777 5081 α’
791 5012 910 5107 partie.
1318 5060 1323 5073 .
1633 5008 1680 5084 ld

1844 745 2071 759 -ο--ο--ι-ο

1936 846 1980 884 crs

1881 939 2035 977 nauuscurn

1918 1078 1923 1087 ,
1942 1033 1976 1071 ns

1864 1128 1982 1166 nsuruno
1997 1127 2050 1165 nnn
