4928 6382
496 861 540 897 1,Εὸ

440 953 596 991 minusculis

502 1048 535 1085 Dii

423 1142 541 1181 Bennett)
555 1141 608 1180 unt.

670 562 755 650 too
1252 556 1505 646 NOTICES

718 740 844 813 Forma
867 741 930 811 alia
951 739 993 809 ad
1014 737 1418 833 convocandumperitos
1435 750 1610 831 presentes
1629 737 1818 832 specialiter
1838 740 1873 807 in
1891 739 2007 834 aliquo
2026 754 2093 809 stu-

667 862 724 934 dio
742 863 901 957 generali.

718 984 842 1056 Fortun
860 979 1030 1052 scribendi
1049 983 1209 1075 episcopo
1224 978 1267 1050 de
1285 983 1381 1075 cujus
1397 978 1531 1077 dyocesi
1541 980 1653 1075 alique
1670 1002 1816 1074 persone
1826 980 1953 1051 fuerint
1967 984 2092 1052 immu-

666 1104 771 1175 rande
787 1104 841 1176 vel
865 1102 1006 1173 seculari
1024 1102 1156 1197 judicio
1173 1099 1414 1197 relinquende,
1434 1105 1460 1170 si
1485 1101 1841 1171 voluerint-interesse
1864 1103 1918 1173 vel
1942 1102 2092 1199 aliquem
2141 1176 2152 1199 ‚

666 1228 802 1296 mittere
817 1226 894 1294 loco
911 1227 964 1293 sui
978 1225 1031 1295 vel
1046 1224 1164 1293 saltem
1181 1222 1262 1293 dare
1280 1223 1461 1292 consilium
1479 1246 1583 1317 super
1598 1216 1676 1291 illis.

719 1346 841 1416 Forma
863 1340 927 1414 alia
945 1370 1003 1414 seu
1022 1343 1145 1415 modus
1164 1343 1334 1415 scribendi
1351 1346 1429 1413 satis
1448 1345 1654 1414 conveniens
1668 1345 1764 1439 juxta
1781 1355 1938 1414 tenorem
1956 1345 2092 1417 novelle

665 1469 930 1538 constitucionis.

682 1606 686 1618 ·
716 1587 841 1659 Forma
858 1587 923 1656 alia
938 1585 1109 1656 scribendi
1124 1585 1272 1680 capitulo
1285 1584 1365 1655 sede
1382 1598 1532 1654 vacante.

717 1710 840 1780 Forma
858 1708 921 1777 alia
937 1707 1089 1804 specialis
1107 1706 1277 1777 scribendi
1297 1709 1468 1802 episcopo.

716 1830 839 1900 Forma
852 1829 1004 1925 specialis
1023 1831 1195 1899 citacionis
1204 1853 1284 1897 cum
1297 1830 1494 1897 monicione
1505 1828 1667 1896 canonica
1685 1826 1837 1922 plurium
1850 1851 2089 1921 personarum,

664 1977 743 2021 cum
763 1954 976 2045 expressione
998 1953 1180 2019 nominum
1197 1952 1316 2044 quein
1341 1950 1452 2043 aliqua
1468 1950 1711 2018 communitate
1724 1964 1841 2018 contra
1860 1951 2091 2045 inquisicionis

664 2070 816 2143 officium
852 2074 1096 2142 commisemnt
1126 2075 1160 2140 in
1191 2068 1341 2142 savorem
1369 2093 1590 2165 personarum
1624 2069 1845 2163 culpabilium
1872 2068 1915 2139 de
1946 2074 2090 2143 crimine

664 2193 805 2270 heresis,
824 2191 880 2265 vel
893 2192 972 2262 alias
990 2190 1210 2287 impediendo
1230 2193 1462 2286 inq'uisicionis
1478 2188 1632 2260 officium
1648 2215 1788 2287 quoquo
1804 2189 1921 2261 modo.

714 2314 840 2385 Forma
866 2317 1039 2385 sentencie
1066 2315 1429 2383 excommunicacionis
1455 2326 1572 2382 contra
1597 2335 1842 2407 personasque
1866 2316 2026 2383 canonice
2052 2328 2087 2385 et

663 2435 919 2531 perhemptorie
943 2439 1060 2517 citate,
1086 2450 1124 2505 ut
1140 2433 1227 2504 iulia
1248 2448 1377 2506 certam
1397 2433 1490 2504 diem
1508 2447 1747 2528 comparerent
1769 2433 1812 2503 ad
1833 2433 2086 2513 confitendum,

663 2572 733 2627 tam
751 2555 795 2628 de
810 2583 845 2627 se
860 2581 965 2651 quam
982 2556 1025 2628 de
1043 2556 1132 2638 aliis,
1149 2580 1254 2652 super
1275 2554 1526 2651 impedimentis
1542 2553 1655 2625 officio
1674 2557 1907 2650 inquisicionis
1925 2558 2086 2650 prestitis,
2192 2636 2198 2655 .

664 2678 852 2774 plenariam
869 2681 1060 2759 veritatem,
1081 2679 1223 2748 minime
1239 2690 1504 2772 comparuerunt
1523 2700 1587 2746 nec
1605 2701 1640 2746 se
1658 2676 1807 2771 legitime
1822 2691 2034 2747 excusamnt.

715 2799 897 2894 83333333ι
920 2798 1068 2870 secunda
1092 2823 1168 2893 pars
1203 2798 1246 2870 de
1268 2797 1386 2869 formis
1410 2811 1443 2868 et
1466 2797 1577 2869 modis
1596 2798 1786 2867 litterarum
1811 2796 1854 2866 de
1878 2801 1997 2893 graciis
2019 2823 2087 2895 333

664 2932 911 2990 consueverunt
928 2918 999 2988 sieri
1019 2921 1053 2989 in
1072 2923 1240 3014 principio
1258 2922 1423 2990 sermonis
1442 2921 1695 3015 inquisitorum,
1716 2921 1802 2988 sicut
1821 2932 1901 2988 sunt
1912 2917 2088 3013 deposioio

665 3064 805 3111 crucum
827 3053 861 3110 et
878 3039 1013 3111 eductio
1042 3064 1061 3110 a
1083 3065 1183 3110 muro
1208 3055 1243 3112 et
1264 3040 1365 3135 hujus
1387 3039 1494 3110 modi.
1516 3038 1600 3109 ltem
1622 3039 1665 3109 de
1690 3042 1883 3134 penitentiis
1906 3037 2087 3110 arbitrariis

663 3164 980 3258 peregrinacionum
1000 3175 1033 3232 et
1049 3187 1192 3232 crucum
1214 3177 1248 3232 et
1264 3162 1366 3258 hujus
1385 3162 1479 3232 modi
1500 3186 1566 3260 que
1586 3165 1621 3230 in
1645 3185 1802 3232 sermone
1825 3158 1961 3255 publice
1977 3163 2088 3256 injun-

662 3296 797 3378 guntur.
814 3282 900 3354 Item
918 3282 960 3352 de
972 3283 1045 3353 aliis
1055 3286 1255 3378 penitenciis
1272 3280 1469 3361 arbitrariis,
1485 3306 1619 3352 necnon
1632 3280 1675 3352 de
1690 3285 1807 3377 graciis
1823 3308 1890 3378 333
1899 3307 1963 3377 per
1976 3286 2086 3379 inqui-

663 3408 780 3475 sitores
799 3421 888 3476 extra
907 3429 1100 3475 sennonem
1118 3419 1196 3475 ante
1214 3419 1337 3499 etpost
1355 3402 1527 3474 interdum
1537 3402 1639 3484 liunt,
1653 3429 1691 3473 ac
1705 3408 1808 3474 etiam
1819 3402 1863 3474 de
1882 3403 1954 3474 aliis
1972 3403 2088 3475 multis

662 3550 729 3621 333
740 3551 803 3620 per
819 3525 959 3597 eosdem
969 3539 1115 3622 aguntur
1127 3542 1160 3596 et
1175 3525 1445 3620 disponunturin
1461 3524 1599 3596 dirersis
1614 3529 1761 3622 negociis
1778 3540 1813 3595 et
1829 3529 1937 3595 causis
1953 3540 1989 3595 et
2005 3529 2086 3596 casi-

662 3645 726 3717 bus
744 3646 1011 3753 emergentibus,
1031 3662 1136 3742 prout
1153 3650 1188 3717 in
1205 3648 1284 3742 ipsis
1301 3647 1419 3717 litteris
1437 3644 1576 3717 inferius
1593 3644 1756 3741 liquidius
1770 3644 1957 3742 apparebit.

716 3768 840 3839 Forma
854 3769 965 3839 littere
981 3768 1213 3840 testimonialis
1228 3768 1271 3839 de
1287 3771 1504 3840 amonicione
1523 3793 1583 3839 seu
1602 3768 1820 3863 deposicione
1839 3791 1982 3837 crucum
2003 3765 2087 3837 lacta

663 3888 800 3984 publice
815 3893 849 3960 in
867 3914 1038 3962 sermone.

714 4010 837 4081 Forma
858 4012 967 4082 littere
990 4011 1223 4083 testimonialis
1246 4011 1289 4082 de
1307 4009 1486 4082 eductione
1505 4009 1597 4081 muri
1618 4013 1655 4079 in
1674 4032 1831 4080 sermone
1849 4008 1988 4105 publico
2006 4034 2087 4079 cum

663 4132 819 4203 crucibus
833 4147 866 4204 et
878 4131 1211 4230 peregrinacionibus
1221 4147 1256 4204 et
1268 4133 1340 4203 aliis
1357 4132 1582 4228 generalibus.

714 4252 840 4325 Forma
854 4254 1023 4325 relaxandi
1040 4253 1190 4325 Judeum
1209 4253 1252 4324 de
1271 4278 1372 4325 muro
1390 4253 1433 4325 ad
1451 4250 1555 4350 quem
1569 4253 1680 4324 luerat
1696 4275 1760 4347 pro
1771 4252 1959 4322 commissis
1969 4265 2088 4321 contra

662 4372 767 4445 fidem
786 4400 848 4470 per
859 4381 1066 4447 sentenciam
1082 4375 1273 4471 deputatus.

712 4496 836 4567 Forma
854 4497 964 4568 littere
982 4496 1025 4569 de
1043 4501 1233 4593 penitencia
1249 4495 1424 4567 arbitraria
1448 4500 1482 4567 in
1503 4520 1660 4565 sermone
1681 4492 1821 4590 publico'
1842 4496 2001 4590 imposita
2026 4517 2090 4563 seu.

660 4621 811 4711 injuncta
826 4619 869 4689 de
882 4618 1214 4716 peregrinacionibus
1229 4616 1389 4690 iaciendis
1405 4622 1473 4689 sive
1490 4615 1647 4688 cmcibus
1664 4615 1850 4711 portandis.

699 4884 775 4938 lMs.
792 4884 899 4960 putot.
915 4887 947 4941 18
961 4888 998 4949 v‘3
1013 4904 1060 4941 ms.
1076 4888 1141 4960 196,
1156 4884 1199 4940 l'nl.
1216 4905 1257 4939 ra.
