4928 6382
822 499 933 583 DES
970 490 1361 586 MANUSCRITS.
1715 501 1802 589 1105

379 697 533 775 tempore
550 690 589 748 ut
605 677 833 773 penitenciam
851 679 1016 770 acciperet
1032 700 1096 770 pro
1119 677 1307 746 commissis
1329 671 1468 744 infacto
1485 673 1609 745 heresis
1626 677 1662 745 in
1676 674 1802 771 juditio
1841 701 2067 715 --·-·

379 799 584 872 consessatis.
1934 802 1979 838 ¹⁴¹⁵

431 924 458 993 F
460 945 558 993 orma
567 918 884 992 excommunicandi
900 931 1139 989 contumacem
1157 919 1193 987 in
1211 942 1311 987 causa
1325 915 1420 997 fidei,
1441 920 1501 1011 qui
1512 921 1606 1011 prius
1617 916 1744 1013 aufugit
1761 917 1804 988 de
1878 894 2034 932 mmm

323 1124 335 1145 ο
380 1069 512 1115 carcere
533 1044 624 1112 muri
647 1040 813 1135 adquam
833 1038 942 1109 fuerat
960 1037 1003 1109 ad
1022 1037 1190 1133 agendum
1210 1041 1438 1131 penitenciam
1461 1038 1707 1108 sentencialiter
1723 1064 1806 1109 con·
1863 1080 1980 1118 massan
1994 1080 2048 1117 eur.

380 1165 597 1259 dempnatus‚
616 1161 670 1232 vel
688 1163 748 1256 qui
763 1158 920 1231 nondum
939 1173 1110 1254 receperat
1121 1162 1349 1255 penitenciam
1364 1183 1427 1253 pro
1446 1162 1633 1230 commissis
1645 1161 1681 1229 in
1698 1159 1806 1229 heresi

381 1287 415 1357 in
428 1284 562 1380 judicio
581 1280 783 1352 consessatis.
1614 1284 1616 1287 ’

432 1406 557 1475 Forma
574 1403 796 1474 absolutionis
812 1403 1023 1471 contumacis
1038 1404 1073 1470 in
1091 1426 1190 1471 causa
1206 1399 1302 1483 fidei,
1322 1405 1347 1471 si
1363 1415 1548 1473 revertatur
1565 1415 1598 1472 et
1615 1403 1694 1474 velit
1713 1428 1806 1472 man·

381 1528 467 1599 datis
487 1525 625 1596 ecclesie
642 1521 795 1594 obedire.

434 1648 557 1717 Forma
576 1642 701 1715 citandi
725 1640 904 1738 fiagitivum
922 1644 965 1715 de
983 1668 1084 1714 muro
1100 1660 1140 1725 et
1158 1649 1491 1715 excommunicatum
1516 1670 1577 1741 pro
1595 1646 1807 1715 contumacia

382 1773 416 1840 in
437 1792 535 1839 eausa
559 1764 638 1836 fidei
667 1763 754 1835 ultra
780 1790 926 1847 annum,
953 1780 991 1837 ut
1014 1772 1125 1836 veniat
1148 1765 1362 1838 diffinitivam
1386 1769 1591 1836 sentenciam
1615 1765 1806 1845 auditurus,

381 1891 534 1984 quamvis
551 1887 669 1958 absens
686 1912 748 1982 per
763 1890 1017 1957 contumaciam
1035 1912 1073 1956 ac
1085 1890 1305 1981 pertinaciam
1323 1902 1406 1957 tunc
1423 1891 1546 1957 existat.

433 2009 559 2080 Forma
583 2005 781 2102 publicandi
809 2007 912 2077 latam
938 2010 1148 2077 sentenciam
1173 2006 1387 2080 diffinitivam
1419 2022 1536 2079 contra
1558 2005 1713 2103 fugitivos
1747 2033 1808 2104 pro

382 2128 470 2201 sacto
485 2129 611 2200 heresis
626 2131 661 2197 in
680 2152 780 2197 causa
799 2126 880 2197 fidei
898 2141 1126 2199 contumaces.
1184 2154 1188 2161 ’

435 2252 559 2322 Forma
592 2247 718 2319 citandi
753 2247 879 2319 liberos
916 2263 950 2318 et
986 2249 1129 2320 heredes
1161 2275 1200 2320 ac
1235 2251 1407 2322 bonorum
1439 2250 1633 2321 detentores
1668 2252 1809 2346 alicujus

383 2370 534 2442 deliranti
554 2373 589 2439 in
606 2369 718 2439 heresi
737 2383 856 2440 contra
873 2394 978 2465 quem
996 2369 1040 2441 de
1053 2374 1133 2467 jure
1146 2369 1248 2441 fuerit
1263 2370 1306 2441 ad
1316 2375 1525 2442 sentenciam
1537 2370 1807 2467 procedendum.

435 2493 560 2564 Forma
578 2493 642 2563 alia
659 2491 702 2562 de
718 2492 851 2587 relapso
866 2506 900 2562 et
918 2491 1103 2563 heretieato
1120 2493 1232 2563 simul.

435 2616 560 2687 Forma
579 2615 643 2684 alia
660 2613 703 2684 de
722 2615 856 2709 relapso
868 2613 1120 2685 tantummodo.

436 2736 560 2807 Forma
583 2734 732 2806 secunde
762 2739 935 2809 citacionis
962 2735 1102 2830 quando
1126 2738 1241 2807 nullm
1267 2741 1498 2833 comparuerit
1527 2740 1635 2831 prima
1659 2739 1747 2816 vice,
1779 2738 1806 2805 si

384 2859 578 2956 inquisitori
597 2861 707 2928 visum
726 2857 828 2927 fuerit
846 2858 992 2953 amplius
1008 2855 1170 2928 iacienda.

435 2981 561 3051 Forma
582 2977 708 3051 citandi
731 2992 833 3049 testes
858 2981 1051 3049 nominatos
1076 2981 1110 3046 in
1136 3002 1234 3048 causa
1261 2976 1470 3049 defensionis
1493 2979 1634 3075 alicujus
1658 2979 1809 3050 debincti

384 3125 500 3172 coram
517 3103 728 3195 inquisitore.
833 3087 834 3091 ¹

438 3222 561 3292 Forma
575 3222 639 3291 alia
654 3222 805 3317 specialis
823 3224 859 3292 in
875 3220 982 3293 modo
998 3220 1163 3317 loquendi
1180 3220 1223 3290 ad
1241 3220 1416 3291 citandum
1430 3221 1578 3317 aliquem
1593 3221 1809 3317 capellanum

384 3368 444 3413 seu
461 3341 673 3414 sacerdotem
692 3347 726 3413 in
747 3368 844 3413 causa
865 3341 1069 3414 defensionis
1089 3344 1231 3438 alicujus
1244 3341 1396 3413 defuncti
1415 3366 1532 3414 coram
1547 3343 1755 3437 inquisitore.

438 3464 463 3534 F
465 3488 562 3534 orma
577 3463 726 3535 secunde
741 3468 911 3536 citationis
927 3468 954 3535 si
968 3488 1038 3535 non
1050 3468 1280 3560 comparuerit
1296 3466 1407 3559 prima
1422 3468 1506 3535 vice.

436 3585 563 3657 Forma
595 3586 720 3657 citandi
748 3585 875 3658 liberos
906 3601 943 3656 et
968 3585 1112 3656 heredes
1143 3609 1203 3657 seu
1235 3583 1409 3657 bonorum
1444 3585 1638 3657 detentores
1669 3586 1811 3681 alicujus

385 3705 551 3789 destructi,
569 3706 612 3779 de
631 3732 702 3803 quo
727 3706 1027 3803 pronunciandum
1050 3722 1100 3778 est
1114 3706 1157 3777 de
1170 3709 1249 3803 jure
1275 3710 1385 3802 ipsum
1407 3704 1480 3778 lore
1498 3710 1525 3777 si
1543 3710 1672 3778 viveret
1688 3710 1811 3777 immn-

385 3829 550 3911 randum,
574 3844 713 3927 propter
733 3829 839 3910 bona,
861 3830 915 3901 vel
938 3844 1099 3925 tanquam
1119 3827 1290 3924 relapsum
1309 3833 1343 3898 in
1365 3828 1512 3900 heresim
1529 3830 1671 3900 seculari
1684 3828 1809 3924 juditio

386 3950 667 4047 relinquendum,
691 3966 730 4023 ut
752 3967 842 4023 certa
867 3950 923 4023 die
949 3966 983 4022 et
1001 3950 1077 4021 loco
1097 3954 1236 4021 veniant
1258 3953 1286 4020 si
1310 3950 1481 4021 voluerint
1498 3950 1711 4022 diffinitivam
1734 3975 1810 4020 sen·

387 4075 534 4140 tenciam
553 4072 710 4144 audituri.

439 4190 465 4259 F
466 4215 561 4261 orma
575 4193 701 4264 citandi
716 4193 841 4264 liberos
859 4208 893 4263 et
904 4193 1047 4265 heredes
1063 4219 1101 4266 ac
1116 4193 1288 4266 bonorum
1300 4192 1495 4266 detentores
1509 4192 1809 4290 alicujusdefimcti

386 4314 422 4381 in
439 4310 563 4393 heresi,
577 4316 673 4408 cujus
687 4338 759 4384 ossa
774 4313 901 4386 fuerint
916 4315 1128 4385 exhumanda
1143 4330 1177 4386 et
1193 4315 1445 4398 comburenda,
1463 4330 1502 4385 ut
1511 4330 1602 4386 certa
1615 4314 1670 4386 die
1685 4329 1720 4385 et
1734 4315 1810 4386 loco

386 4434 540 4513 veniant,
559 4436 585 4502 si
604 4434 791 4514 voluerint,
809 4458 912 4528 super
930 4433 999 4506 hoc
1018 4435 1231 4509 diffinitivam
1249 4440 1457 4508 sentenciam
1472 4435 1648 4526 audituri..

438 4558 562 4629 Forma
580 4558 622 4630 ad
642 4558 817 4629 citandum
836 4574 875 4629 ut
892 4563 1029 4630 veniant
1045 4558 1088 4630 ad
1105 4584 1300 4632 sermonem
1317 4563 1547 4656 penitenciam
1564 4561 1733 4652 recepturi
1755 4558 1810 4630 vel

386 4683 593 4769 sentenciam
610 4678 769 4751 audituri.

441 4802 565 4873 Forma
583 4801 626 4874 ad
643 4801 902 4874 convocandum
920 4806 1046 4898 peritos
1069 4801 1112 4873 ad
1133 4803 1313 4873 consilium
1331 4826 1394 4899 pro
1410 4800 1585 4898 agentibus
1604 4804 1639 4873 in
1657 4804 1809 4872 remotis.
