4924 6386
648 552 735 641 204
1124 618 1126 621 -
1235 553 1269 638 N
1277 553 1378 641 OTl
1386 546 1493 640 CES

707 734 771 810 to.
792 734 844 808 Le
860 723 956 809 texte
976 732 1022 807 de
1040 732 1075 807 la
1090 732 1277 808 troisienre
1297 731 1453 820 edition,
1479 731 1612 838 abre'ge
1630 761 1675 808 en
1690 732 1872 840 quelques
1892 737 2073 825 eudicus,

475 853 520 890 LE&

421 944 574 983 trarrsuntrs

480 1042 514 1077 nr,
646 1028 712 1104 par
729 969 871 1075 Milic
888 995 1127 1102 Bergerdans
1147 995 1181 1071 le
1197 1006 1268 1072 ms(
1285 1000 1327 1073 R.
1347 1001 1398 1075 33
1421 995 1468 1072 de
1484 995 1518 1071 la
1534 995 1765 1074 Vallicellane
1792 1027 1862 1074 aux
1882 998 1947 1078 sol.
1975 1003 2075 1104 17d·
2116 1092 2120 1101 ἢ

402 1132 520 1172 ”fflffi'ffl
535 1136 588 1172 ⁰⁰¹·
649 1130 699 1206 25
713 1158 720 1205 r
734 1189 741 1203 .
758 1127 855 1205 C'est
871 1156 944 1203 une
961 1128 1066 1234 copie
1085 1126 1256 1203 italienne
1276 1127 1323 1203 de
1339 1128 1479 1204 l'annr'ee
1504 1129 1608 1217 rutili
1620 1133 1643 1202 ¹.

646 860 856 972 etprecede
873 864 960 940 d'un
983 864 1113 940 extrait
1128 863 1175 941 de
1195 863 1230 939 la
1253 864 1455 970 chronique
1479 863 1739 954 martinienne‚
1764 866 1836 942 m'a
1856 868 1915 943 ete
1939 866 2075 975 signale'

702 1394 722 1468 lt
735 1394 746 1469 l
761 1453 768 1467 .
786 1388 900 1499 Apres
915 1391 1055 1469 l'annee
1079 1394 1191 1478 1320,
1212 1391 1375 1471 Bernard
1394 1390 1466 1471 Gui
1484 1419 1531 1468 ne
1550 1419 1648 1467 cessa
1664 1419 1730 1496 pas
1746 1389 1793 1467 de
1809 1390 1995 1469 reeueillir
2006 1393 2075 1471 des

645 1544 749 1602 notes
767 1555 829 1606 sur
845 1525 898 1601 les
912 1526 1145 1601 eve'nements
1159 1522 1224 1630 qui
1239 1524 1430 1601 arrivaient
1446 1532 1515 1600 asa
1533 1524 1787 1600 connaissance
1807 1525 1923 1631 etqui
1939 1526 2075 1603 etaient

646 1656 692 1732 de
713 1674 841 1732 nature
863 1664 883 1730 a
901 1655 1060 1760 prendre
1075 1655 1179 1761 place
1201 1655 1290 1731 dans
1309 1654 1363 1731 les
1381 1654 1509 1731 Fleurs
1527 1654 1594 1731 des
1614 1654 1852 1760 chroniques3
1872 1685 1966 1733 nous
1980 1687 2075 1763 pou-

641 1816 733 1864 rons
748 1775 940 1874 constater,
953 1772 1015 1865 sur
1025 1785 1077 1862 les
1091 1785 1281 1862 differente
1295 1785 1532 1892 exemplaires
1546 1815 1619 1892 que
1635 1814 1729 1863 nous
1743 1787 1961 1891 possedeas,
1974 1787 2073 1863 l'etat

644 1920 692 1994 de
715 1907 893 2024 l’ouvragc
910 1924 930 1993 a
947 1917 1032 2024 cinq
1047 1946 1095 1994 ou
1112 1917 1164 1993 six
1180 1919 1344 2024 epoques
1362 1916 1574 1994 differentes
1589 1917 1654 1994 des
1671 1918 1835 1994 demiers
1850 1936 1969 2024 temps
1981 1919 2027 1994 de
2038 1917 2071 1994 la

644 2051 700 2126 vie
720 2047 766 2125 de
785 2050 951 2125 l'auteur.

689 2313 769 2388 -d2,
786 2312 883 2390 Dans
899 2311 933 2387 le
954 2341 1022 2387 ms.
1042 2314 1168 2412 3982,
1192 2340 1239 2387 au
1261 2328 1358 2387 texte
1379 2311 1425 2387 de
1443 2310 1610 2387 l'edition
1631 2311 1678 2387 de
1706 2316 1808 2391 1320
1837 2330 1891 2390 est
1907 2312 2004 2421 joint
2020 2342 2071 2390 un

642 2438 866 2550 paragrapbe
878 2442 1004 2519 relatis
1009 2472 1056 2519 au
1074 2444 1182 2519 traite
1193 2443 1258 2548 qui
1272 2442 1328 2519 sut
1342 2436 1492 2529 conclu,
1506 2472 1552 2518 en
1567 2443 1640 2519 mai
1660 2448 1775 2532 1320,
1790 2462 1892 2521 entre
1903 2443 2071 2551 Philippa

633 2576 675 2658 le
695 2577 799 2684 Long
821 2590 859 2651 et
880 2575 1033 2661 Rohert‚
1062 2591 1181 2651 comte
1208 2575 1255 2650 de
1280 2568 1450 2650 Flandre.
1479 2574 1508 2650 ll
1535 2600 1574 2650 se
1600 2575 1756 2651 termine
1781 2575 1922 2682 parles
1948 2592 2069 2654 nrots:

640 2744 652 2774 a
677 2764 686 2782 .
707 2765 715 2781 .
735 2762 743 2783 .
763 2706 881 2781 extitit
895 2734 964 2811 pax
979 2721 1021 2780 ut
1033 2705 1259 2810 premittitur
1279 2704 1491 2793 reformata,
1510 2722 1731 2811 cooperante
1748 2705 1795 2781 ad
1810 2705 1882 2781 hoc
1895 2707 2072 2782 sollieitu-

642 2839 728 2914 dine
751 2836 916 2944 diligenti
943 2867 983 2913 ac
1011 2837 1137 2914 labore
1159 2854 1196 2912 et
1221 2837 1423 2913 ministerio
1450 2836 1590 2913 domini
1612 2836 1850 2915 Gandeeelmi
1875 2835 2067 2941 lobannis,

643 2968 835 3074 presbiteri
869 2967 1077 3054 cardinalis,
1109 2968 1156 3044 ad
1184 2985 1305 3074 partes
1339 2967 1416 3044 illas
1447 2997 1515 3074 per
1547 2967 1741 3044 dominum
1769 2967 1973 3044 lohannem
2005 2998 2071 3075 pa-

642 3126 727 3204 pam
756 3101 851 3176 XXII
878 3099 945 3175 hac
978 3099 1025 3175 de
1055 3129 1162 3175 eausa
1194 3099 1401 3205 specialiter
1428 3099 1612 3175 destinati.
1642 3102 1723 3176 Deo
1750 3100 1893 3204 gratias.
1912 3139 1923 3167 υ
1942 3147 1996 3158 -
2020 3104 2069 3176 Le

644 3419 863 3490 chronieorum,
898 3410 1091 3504 complectens
1135 3416 1316 3501 catlralogum

644 3524 813 3606 pontilierun
832 3534 859 3583 et
882 3524 1086 3605 imperatorum
1105 3523 1315 3590 llomanormm

555 3634 559 3639 “
643 3626 681 3685 de
705 3627 817 3707 origine
845 3627 938 3708 prima
964 3627 1058 3708 gentis
1087 3627 1262 3686 Francorum
1289 3636 1317 3686 et

643 3730 744 3788 eorum
766 3751 933 3813 progressm
951 3729 1076 3789 litania
1097 3739 1123 3789 et
1143 3729 1317 3811 genealogiae

645 3854 744 3915 regum
766 3834 957 3899 Francorumz
982 3832 1157 3915 genealogias
1177 3833 1316 3892 comitum

642 3935 789 4004 'l’lrolosae;
805 3946 939 3996 tractatus
951 3936 988 3995 dc
1001 3935 1178 4019 temporibus
1194 3947 1222 3996 et
1233 3937 1316 3996 antris

642 4039 821 4121 generalium
837 4050 865 4099 et
876 4038 1091 4123 particularium
1109 4039 1316 4105 conciliorum

643 4144 761 4202 nomina
775 4154 803 4202 et
816 4145 878 4202 rita
888 4141 1084 4226 apostolorum
1093 4154 1121 4203 et
1134 4144 1201 4202 lesu
1211 4143 1317 4202 Christi

642 4246 864 4331 discipulorum3
876 4246 915 4338 de
930 4245 1116 4306 ordinacione
1125 4245 1211 4305 ollieii
1223 4247 1317 4305 missa

643 4362 760 4417 sanctem
777 4374 859 4410 casus
872 4352 921 4432 qui
937 4351 1103 4429 contingere
1116 4350 1317 4433 possunteirca

642 4453 864 4513 celebrationem
877 4454 986 4520 misam
999 4452 1036 4512 de
1049 4451 1174 4511 aniculis
1192 4451 1257 4511 {idei
1271 4474 1316 4511 ca-

642 4555 768 4624 tlrolieoe,
787 4557 824 4616 de
844 4556 948 4641 triplici
967 4554 1090 4615 simbolo
1103 4555 1186 4623 fidei,
1199 4554 1236 4615 de
1251 4556 1318 4614 sim·

643 4659 711 4718 bolo
735 4660 897 4727 Athanasii,
927 4660 964 4719 de
994 4671 1103 4742 septem
1133 4660 1317 4720 sacramentis

643 4762 782 4829 ecelesiae,
806 4777 942 4822 numerus
967 4774 994 4822 et
1013 4763 1085 4821 ordo
1110 4774 1317 4847 praeceptorum

640 4865 787 4947 decalogi,
808 4876 860 4924 ete.
880 4900 920 4911 —
941 4867 1011 4925 Fine
1030 4868 1207 4949 manuscript
1226 4866 1316 4925 oltlre

643 4988 692 5030 λιν
715 4981 841 5053 century.
869 4990 945 5053 upon
971 4968 1088 5038 tellum.
1117 4968 1216 5029 bound
1244 4970 1273 5028 in
1299 4989 1315 5029 a

1394 3417 1449 3479 rol.
1466 3417 1551 3487 lolio,
1565 3418 1595 3477 in
1612 3416 1660 3478 old
1675 3414 1773 3477 srenelr
1791 3414 1840 3477 red
1853 3440 1996 3478 morocco.
2010 3417 2070 3477 llio

1393 3521 1533 3606 prologue
1553 3532 1583 3581 to
1603 3521 1659 3581 this
1682 3520 1832 3581 collection
1854 3521 1877 3580 is
1896 3520 1981 3581 dated
1997 3522 2070 3581 from

1393 3626 1541 3707 Arignon,
1559 3626 1595 3687 lV
1610 3624 1675 3684 idus
1695 3623 1830 3705 Augusti,
1855 3644 1995 3684 necent.»
2018 3625 2069 3683 Cu·

1394 3729 1501 3812 lulopuc
1529 3729 1565 3811 os
1591 3726 1716 3810 upwurds
1743 3727 1779 3808 ο]
1794 3724 1923 3809 fiiurteca
1951 3726 2073 3789 lturrdred

1395 3835 1585 3915 mraaoscripts,
1598 3832 1635 3914 by
1649 3830 1776 3891 Thomas
1786 3831 1810 3889 T
1811 3831 1902 3914 liorpc
1919 3830 2070 3911 (Loudou,

1399 3934 1490 4002 1836.
1508 3936 1596 4015 iri-8⁰)
1607 3983 1613 4003 ,
1626 3956 1655 4018 p.
1673 3934 1722 3995 36.

1437 4038 1444 4067 ¹
1471 4040 1510 4099 Le
1527 4036 1726 4097 manuscrit'll
1740 4038 1778 4098 33
1793 4036 1830 4095 de
1846 4034 1872 4095 la
1883 4034 2070 4098 vallicellana

1393 4153 1436 4207 est
1451 4164 1490 4201 un
1505 4141 1619 4201 volume
1632 4163 1681 4200 sur
1693 4141 1801 4224 papier,
1817 4139 1886 4198 haut
1899 4136 1938 4198 de
1952 4141 1993 4199 30
2006 4162 2070 4198 een·

1392 4247 1519 4305 tunetres
1533 4256 1561 4304 et
1573 4243 1652 4326 largo
1666 4243 1703 4302 do
1725 4262 1773 4302 ar.
1797 4243 1835 4301 La
1856 4225 2016 4324 chronique
2033 4241 2070 4301 de

1394 4348 1521 4408 Beruard
1543 4347 1582 4431 s'y
1604 4347 1727 4407 termine
1748 4368 1783 4405 an
1808 4343 1857 4422 [οἰ.
1879 4346 1934 4406 ¹251
1962 4364 2014 4429 par
2028 4343 2070 4404 les

1391 4462 1468 4511 mols
1486 4476 1492 4511 2
1509 4450 1691 4510 a...exliibuit
1706 4449 1854 4509 universis.
1872 4445 1995 4532 Explicit
2007 4469 2069 4507 cro-

1393 4556 1458 4613 nica
1475 4553 1616 4614 Bernardi
1635 4552 1778 4615 Gnidonis
1796 4553 1833 4612 dc
1851 4553 1936 4635 gestis
1954 4550 2069 4635 pontili—

1393 4680 1460 4717 eum
1477 4668 1505 4716 et
1523 4659 1731 4740 imperatorum
1747 4657 1838 4715 llome
1854 4678 1888 4714 ac
1901 4655 1940 4715 de
1955 4654 2070 4736 regibus

1394 4761 1585 4827 Francorum,
1608 4759 1712 4842 scripta
1739 4768 1768 4817 et
1794 4756 1937 4843 completa
1960 4757 2069 4817 Modio-

1392 4863 1475 4932 liani‚
1491 4885 1568 4922 antro
1584 4863 1701 4923 Domini
1721 4880 1906 4922 neccecxnn.
1928 4862 1988 4923 Deo
2006 4883 2070 4943 gra·

1392 4968 1446 5027 tias
1460 4986 1532 5049 quas
1546 4988 1731 5051 possumus.»
