4928 6382
431 854 437 865 ·
493 849 537 885 mn

437 922 591 981 usuuaeins

498 1037 532 1075 os

421 1131 538 1169 murano
553 1131 605 1170 our.

665 550 755 638 390
1251 543 1505 631 NOTICES

716 730 789 800 Sub
803 729 867 799 hac
881 729 1125 824 persequcicne
1140 726 1381 820 inquisitorum
1400 736 1435 794 et
1450 721 1709 818 perturbacione
1727 722 1844 807 officii,
1862 746 2093 803 convenerunt

664 852 801 922 heretici
817 850 930 946 piures
950 862 982 919 et
994 846 1210 942 multiplicari
1226 860 1391 940 ceperunt
1405 858 1440 915 st
1457 844 1588 916 hereses
1606 844 1788 941 puliniare3
1803 861 1837 918 et
1851 847 2094 924 interfecamnt

664 974 777 1070 plures
797 977 832 1042 in
850 971 973 1043 diocesi
997 969 1213 1064 Appamiensi
1234 981 1266 1037 et
1286 966 1542 1038 Carcassunensi
1569 980 1602 1037 et
1617 966 1809 1038 Thoicsana
1831 982 1864 1039 et
1886 973 1921 1041 in
1941 972 2092 1047 confinio

664 1094 836 1191 Albigesii‚
860 1097 945 1163 sicut
966 1116 1030 1187 per
1051 1092 1312 1187 inquisicionem
1336 1089 1520 1184 legitimum
1547 1102 1582 1160 et
1603 1086 1913 1185 deprehensionem
1938 1098 2092 1190 ipsorum

664 1218 890 1287 hereticorum
911 1227 945 1284 et
963 1213 1184 1283 credencium
1208 1209 1410 1287 corumdem
1435 1226 1551 1307 postea
1575 1214 1685 1306 putuit
1706 1211 1888 1296 evidenter,
1919 1216 2092 1316 talemque

662 1340 812 1410 fructum
837 1338 913 1407 talia
938 1338 1068 1406 semina
1093 1333 1320 1430 protulerunt.
1347 1331 1520 1428 Ceperunt
1542 1346 1657 1402 autem
1679 1333 1829 1428 predicta
1851 1337 1939 1408 maia
1956 1337 2092 1435 publice

663 1486 824 1556 apparere
853 1483 943 1530 anno
967 1457 1107 1528 Domini
1133 1480 1258 1536 ucccr,
1285 1451 1572 1567 proieceruntque
1605 1458 1640 1524 in
1665 1458 1762 1551 pejus
1791 1481 1854 1551 per
1879 1472 2008 1555 septem
2040 1462 2092 1534 vei

662 1596 740 1655 octo
758 1581 827 1653 sere
846 1605 953 1650 annos
971 1581 1150 1649 continuos
1167 1575 1423 1672 subsequentes,
1443 1574 1565 1672 quibus
1583 1580 1782 1672 persequcic
1805 1578 2012 1673 perduravit.

714 1706 806 1775 Finis
825 1727 906 1776 vero
929 1714 1188 1797 persequtcrum
1211 1696 1365 1768 confusio
1389 1711 1422 1767 et
1443 1700 1627 1791 ignominia
1650 1696 1735 1768 fuit:
1757 1724 1838 1769 nam
1858 1701 2092 1775 vicedominus

663 1827 897 1897 Ambianensis
914 1822 1078 1919 prefatus,
1103 1819 1221 1890 eadem
1241 1818 1297 1890 die
1316 1844 1383 1916 qua
1402 1822 1765 1891 excommunicacionis
1785 1816 1955 1895 sentencia
1976 1840 2091 1897 contra

662 1953 775 2043 ipsum
794 1947 903 2017 fuerat
924 1944 1109 2041 publicata,
1132 1968 1222 2013 anno
1246 1943 1414 2023 revoluto,
1433 1944 1481 2012 sic
1500 1967 1676 2037 percussus
1695 1943 1906 2015 anathemate
1927 1960 2091 2042 tanquam

662 2069 765 2141 officii
782 2071 935 2139 notorius
948 2066 1142 2162 impeditor,
1155 2067 1281 2135 interiit
1295 2067 1330 2133 in
1340 2078 1428 2134 terra
1438 2063 1560 2144 aliena,
1576 2064 1701 2135 scilicet
1713 2069 1749 2136 in
1759 2065 1924 2150 Abruci0,
1939 2071 1973 2138 in
1985 2092 2091 2166 regno

663 2192 794 2273 Cicilie,
818 2195 890 2260 sine
914 2190 1037 2259 clerico
1061 2201 1093 2257 ct
1115 2191 1185 2257 sine
1208 2186 1382 2257 sacerdote
1408 2200 1441 2255 et
1462 2190 1534 2256 sine
1556 2192 1781 2283 percepcione
1803 2205 2091 2264 sacramentorum

662 2313 814 2393 ecclesie,
841 2336 931 2381 anno
951 2311 1092 2381 Domini
1117 2317 1304 2389 u⁰cccnu⁰,
1326 2306 1462 2378 infesto
1485 2311 1590 2379 sancti
1612 2308 1794 2381 Michaelis.
1819 2310 2092 2412 Archidyaccnus

661 2460 757 2515 vero,
778 2432 1001 2538 postmodnm
1019 2430 1125 2502 iaetus
1148 2435 1324 2526 episcopus
1345 2428 1570 2512 Bitterrensis‚
1590 2430 1684 2526 iepra
1703 2456 1898 2527 percussus,
1915 2449 1953 2505 ut
1974 2435 2089 2534 Gyen,

663 2583 742 2628 cum
765 2556 823 2625 tali
844 2554 1031 2650 obprobrio
1056 2552 1141 2625 obiit
1161 2557 1207 2623 sic
1225 2554 1394 2646 leprosus,
1417 2577 1507 2624 anno
1531 2552 1672 2624 Domini
1692 2579 1784 2627 uccc
1795 2582 1826 2626 rx
1851 2570 1927 2627 ante
1947 2557 2091 2629 Penthe-

662 2692 788 2749 costen.
815 2677 935 2747 Frater
962 2673 1155 2747 Bernardus
1181 2674 1359 2756 Delicicsi,
1386 2678 1604 2745 consenciens
1634 2689 1667 2745 et
1696 2690 1857 2748 tractator
1884 2677 2092 2773 prodicionis

662 2814 780 2870 contra
802 2823 917 2893 regem
933 2798 1089 2879 Francis,
1108 2795 1332 2892 postmodum
1352 2821 1415 2892 per
1429 2799 1689 2892 inquisicionem
1705 2798 1822 2893 regalis
1841 2801 1933 2869 curie
1953 2799 2093 2871 Camas-

661 2947 744 2993 sone
765 2924 921 2992 inventus
939 2933 1036 2990 estet
1055 2921 1209 3014 punitus,
1230 2916 1375 2989 sednon
1392 2919 1504 3014 piene.
1524 2919 1665 2990 Rutilios
1683 2944 1779 3002 veru,
1801 2919 1988 3017 dequibus
2006 2920 2092 2993 secta

662 3057 710 3114 est
735 3047 869 3113 mencio
890 3067 1005 3137 supra,
1025 3041 1150 3113 dicitur
1174 3038 1371 3111 confinxisse
1388 3040 1428 3111 R.
1449 3039 1621 3124 Bauderii,
1644 3042 1831 3113 monachus
1849 3043 1891 3113 de
1911 3042 2089 3125 Candeiio,

662 3165 812 3263 dyocesis
826 3163 1007 3244 Aibiensis,
1024 3166 1084 3259 qui
1099 3161 1245 3232 finaliter
1259 3162 1391 3233 duabus
1405 3162 1532 3233 vicibus
1543 3164 1665 3260 laqueo
1675 3188 1711 3234 se
1721 3163 1910 3259 suspendit,
1927 3178 1960 3234 et
1973 3164 2091 3234 ultima

661 3290 733 3360 vice
749 3312 828 3357 cum
846 3284 936 3357 Juda
948 3283 1123 3381 proditore
1140 3288 1267 3355 interiit
1280 3284 1474 3380 desperatus
1489 3287 1524 3353 in
1539 3284 1731 3380 epdomada
1748 3285 1885 3357 Pasche.
1903 3286 1995 3358 Finis
2010 3311 2091 3358 vcro

662 3425 695 3481 et
707 3413 988 3506 consumpmacio
1002 3409 1205 3480 afflictorum
1218 3434 1281 3503 pro
1293 3407 1489 3482 defensione
1502 3393 1581 3480 iidei
1595 3408 1737 3481 Domini
1748 3409 1853 3482 dhesu
1868 3409 2006 3493 Christi,
2021 3411 2092 3485 iaus

662 3546 696 3603 et
710 3516 823 3603 honor
841 3545 873 3602 et
889 3533 1026 3602 victoria
1044 3555 1123 3601 cum
1141 3554 1278 3601 corona.

1351 3773 1403 3845 IX

664 3969 802 4017 curcur
819 3969 860 4015 uc
878 3967 917 4015 es
936 3967 1092 4024 enarrocn
1112 3969 1154 4017 ns
1177 3967 1401 4024 urucmsnron
1426 3966 1560 4014 nessus
1582 3944 1601 4015 i
1623 3966 1664 4015 cs
1683 3945 1826 4018 nircum
1845 3968 1902 4015 oss
1925 3966 2091 4021 siurosors

1143 4091 1267 4139 cocras
1286 4090 1343 4138 iss
1361 4067 1617 4144 lnomsrrssuns¹.

714 4262 762 4333 Ex
778 4261 937 4358 predictis
954 4274 1068 4331 autem
1084 4259 1337 4356 impedimentis
1347 4262 1492 4356 prestitis
1504 4259 1758 4355 inquisitoribus
1769 4274 1802 4330 ct
1814 4258 1929 4331 officio
1939 4262 2091 4355 ipsorum

662 4409 700 4454 ac
734 4384 934 4455 officialibus
966 4385 1192 4479 inquisitionis
1232 4396 1346 4453 secuta
1374 4395 1454 4453 sunt
1483 4384 1590 4453 multa
1622 4383 1709 4454 maia
1737 4382 1800 4479 [ab
1829 4407 1919 4453 anno
1951 4383 2091 4457 Domini

665 4531 846 4581 uucncvnr
862 4505 1027 4602 usquead
1043 4531 1173 4577 annum
1190 4504 1332 4578 Domini
1350 4530 1374 4577 u
1385 4504 1514 4602 cccx]²
1529 4508 1564 4575 in
1581 4505 1636 4576 iila
1649 4507 1754 4603 patria
1771 4508 1849 4576 etin
1866 4503 2018 4600 partibus
2030 4506 2093 4575 cir·
2154 4530 2166 4549 ·

703 4715 709 4745 ¹
729 4713 778 4765 Ms.
799 4713 833 4780 98
855 4711 888 4765 de
905 4710 1049 4773 Toulouse,
1070 4712 1113 4766 ici.
1137 4731 1172 4784 qo
1195 4714 1219 4765 v⁰
1242 4723 1269 4766 et
1291 4732 1342 4784 9¹³
1417 4710 1704 4784 quej'imprimoentre
1714 4710 1830 4765 crochets
1842 4720 1900 4764 sont
1913 4708 2094 4784 mnrqudeseo

666 4823 715 4859 ms.
732 4808 783 4876 196
794 4805 827 4859 de
841 4792 985 4866 Fucinum,
998 4805 1043 4858 iol.
1060 4811 1094 4878 iq
1108 4816 1134 4859 et
1144 4809 1176 4859 v⁰.
1417 4823 1513 4877 merge.
1527 4835 1565 4845 -
1579 4805 1617 4858 Le
1631 4824 1680 4859 ms.
1694 4806 1729 4878 98
1742 4814 1817 4878 porte
1830 4820 1981 4866 secutur,
1994 4822 2028 4858 au
2040 4801 2094 4857 lieu

700 4900 798 4954 ’Dans
812 4898 929 4953 iesdeux
940 4898 1047 4954 mssde
1061 4899 1203 4962 Touicuse,
1217 4899 1256 4954 ies
1270 4899 1342 4954 dates
1417 4896 1450 4952 de
1463 4915 1613 4954 uccxcvrn.
