4928 6382
821 483 936 569 DES
967 481 1359 569 MANUSCRITS.
1716 482 1802 569 385

378 667 484 764 sigillo
499 642 608 738 vestro
624 678 656 734 et
675 667 795 760 prioris
813 661 1012 733 eorumdem
1028 661 1201 741 Fratrum,
1221 684 1324 757 quem
1342 663 1377 729 in
1397 659 1464 731 hoc
1480 659 1712 755 deputavimus
1729 661 1804 732 loco

378 792 498 869 nostri,
523 802 555 858 et
571 790 626 857 cui
644 811 746 880 super
759 787 928 880 premissis
945 797 978 854 et
995 810 1033 854 ea
1052 781 1264 879 tangentibus
1284 783 1435 878 plenarie
1453 786 1697 855 committimus
1719 788 1806 855 vices

380 924 524 992 nostras,
546 911 786 1003 consignentur
808 919 842 977 et
863 905 1058 1001 sigillentur,
1080 918 1112 975 et
1130 903 1222 975 fideli
1240 903 1391 976 custodia
1410 918 1628 1000 reponantur,
1649 920 1688 976 ut
1705 933 1743 976 ex
1761 911 1807 977 eis

380 1037 547 1129 possimus
565 1031 686 1125 eligere
706 1055 744 1099 ac
763 1032 863 1099 etiam
891 1052 1044 1122 separare
1067 1052 1185 1098 omnes
1207 1027 1312 1097 libros
1333 1029 1392 1124 qui
1415 1041 1580 1098 vocantur
1600 1027 1752 1110 telmon,
1775 1043 1807 1098 et

380 1156 462 1226 alios
479 1177 702 1251 quoscunque
715 1154 749 1221 in
765 1149 888 1247 quibus
903 1173 1032 1221 errores
1047 1174 1107 1219 seu
1119 1147 1291 1219 blasfemie
1304 1151 1531 1229 continentur,
1556 1147 1600 1218 ad
1613 1148 1807 1220 faciendum

381 1276 424 1347 de
440 1279 485 1346 eis
499 1290 661 1370 tanquam
676 1272 717 1343 de
732 1268 886 1367 reprobis
900 1286 933 1341 et
948 1270 1138 1366 dampnatis
1152 1268 1246 1366 quod
1257 1272 1390 1365 justicia
1405 1269 1574 1353 suadebit,
1589 1273 1625 1340 in
1639 1275 1807 1366 premissis

379 1396 490 1468 taliter
511 1421 570 1467 vos
586 1393 747 1464 habentes
764 1392 857 1489 quod
880 1419 950 1463 non
967 1395 1098 1488 possitis
1120 1391 1275 1487 redargui
1298 1390 1340 1461 de
1363 1392 1562 1487 negligentia
1582 1393 1635 1464 vel
1655 1392 1805 1471 defectu,

381 1517 441 1589 sed
458 1521 575 1614 pocius
593 1515 635 1587 de
655 1516 725 1586 zelo
748 1514 827 1586 fidei
854 1530 887 1585 et
907 1514 1078 1610 diligentia
1100 1516 1222 1584 merito
1244 1512 1488 1585 commendari.
1513 1516 1641 1587 Datum
1661 1515 1804 1611 Agenni,

382 1638 491 1735 pridie
506 1664 612 1711 nonas
623 1637 791 1717 Januarii,
810 1661 900 1726 anno
917 1637 1058 1708 Domini
1076 1644 1113 1706 u⁰
1126 1644 1195 1706 ccc⁰
1208 1644 1261 1705 nr⁰.

1059 1882 1130 1953 Vll

383 2078 532 2126 HISTOIRE
556 2080 595 2125 DU
620 2056 723 2125 raban
748 2044 817 2124 DlUN
840 2078 980 2126 vrcourn
1006 2077 1046 2124 DE
1071 2056 1315 2133 corraderent),
1344 2075 1501 2123 EXTRtllTE
1526 2079 1566 2124 DE
1587 2079 1625 2124 LA
1648 2054 1808 2125 PREMIERE

426 2200 541 2249 sanate
559 2202 599 2249 DE
618 2200 656 2247 bb
675 2160 892 2247 courmtrlotv
914 2200 955 2246 DE
975 2200 1123 2246 sennaab
1143 2198 1197 2245 Gor
1218 2200 1275 2246 SUB
1294 2198 1431 2245 volabas
1448 2196 1507 2247 DES
1528 2180 1767 2249 Dournrct1ns¹.

431 2374 506 2444 Hoc
529 2376 564 2442 in
588 2373 663 2443 loco
686 2370 904 2443 scribendum
927 2374 1131 2444 conveniens
1158 2386 1192 2442 et
1211 2372 1291 2441 utile
1317 2375 1468 2443 estimavi
1491 2371 1586 2469 quod
1606 2376 1808 2467 scriptume

379 2494 479 2565 fratre
494 2493 667 2588 Stephano
684 2491 764 2564 alibi
782 2496 908 2588 reperi,
926 2519 998 2563 rem
1014 2492 1157 2591 quidem
1172 2492 1395 2564 admiratione
1410 2491 1563 2589 dignam,
1583 2493 1643 2564 sed
1661 2492 1807 2589 pruden-

280 2644 289 2666 =
378 2614 467 2686 tibus
490 2611 708 2685 edificacione
735 2639 805 2685 non
829 2640 986 2694 vacuam,
1011 2627 1049 2684 ut
1073 2614 1185 2719 divina
1207 2612 1337 2710 judicia
1363 2617 1555 2696 timeantur,
1581 2614 1623 2685 de
1650 2619 1807 2711 episcopo

273 2820 277 2827 ι
380 2736 566 2821 Culmensi,
577 2738 648 2833 qui,
657 2762 737 2807 cum
751 2740 835 2807 esset
845 2735 946 2808 frater
959 2739 1166 2808 vicecomitis
1177 2736 1302 2808 Montis
1312 2735 1484 2832 Belyardi,
1500 2735 1595 2834 quod
1603 2751 1651 2807 est
1661 2752 1807 2809 castrum

378 2861 414 2927 in
428 2857 562 2955 dyocesi
581 2856 769 2938 bisuntina,
793 2861 827 2927 in
850 2856 974 2929 linibus
989 2857 1182 2930 Theutonie
1197 2884 1236 2928 ac
1254 2857 1465 2955 Burgundio,
1481 2872 1514 2928 et
1532 2858 1682 2931 studeret
1701 2860 1808 2930 Bono·

380 2982 449 3059 nie,
468 2978 578 3049 adhuc
594 2982 628 3048 in
646 2977 764 3049 habitu
778 2980 932 3059 seculari,
951 2979 1074 3050 electus
1095 2977 1159 3050 tuit
1176 2982 1211 3050 in
1230 2983 1427 3074 episcopum
1448 2974 1683 3064 Culmensem3
1704 3007 1808 3075 quem

378 3100 453 3194 (sic)
472 3126 631 3180 renuens,
651 3099 806 3171 ordinem
826 3104 928 3171 istum
947 3103 1095 3181 intravit,
1118 3105 1153 3170 in
1171 3127 1240 3197 quo
1261 3100 1471 3171 laudabiliter
1489 3105 1577 3170 circa
1603 3099 1807 3171 decennium

378 3233 623 3300 commoratus,
653 3221 776 3292 electus
800 3237 848 3292 est
876 3225 912 3291 in
943 3221 1060 3293 eadem
1089 3223 1225 3293 ecclesia
1250 3226 1378 3294 iterato.
1405 3220 1590 3294 Videbatur
1615 3221 1687 3292 lieri
1713 3247 1765 3291 res
1789 3248 1807 3291 a

379 3342 548 3423 Domino,
571 3357 602 3413 et
622 3346 716 3440 quasi
738 3346 859 3414 invitus
878 3347 1005 3438 recepit
1021 3342 1063 3414 de
1086 3344 1226 3415 consilio
1247 3343 1419 3414 bonorum
1440 3346 1603 3414 virorum.
1628 3343 1806 3414 Promotus

379 3465 479 3557 igitur
496 3467 531 3533 in
555 3467 769 3560 episcopum,
789 3490 868 3536 mox
890 3464 983 3536 dedit
997 3492 1032 3536 se
1049 3465 1152 3537 rebus
1168 3465 1310 3546 bellicis,
1332 3480 1363 3535 et
1385 3465 1579 3562 frequenter
1601 3490 1733 3536 armans
1753 3491 1803 3546 se,

378 3610 417 3655 ac
437 3611 516 3655 cum
538 3590 640 3657 armis
658 3586 831 3669 incedens,
853 3587 1037 3684 vidensque
1054 3587 1118 3658 sub
1138 3591 1238 3659 armis
1258 3586 1430 3683 deturpari
1450 3586 1621 3669 habitum,
1641 3613 1676 3658 se
1692 3600 1805 3657 autem

380 3710 498 3804 magis,
523 3707 679 3780 habitum
700 3708 862 3792 deseruit,
884 3724 918 3781 et
938 3709 1022 3780 ordo
1046 3713 1168 3804 ipsum.
1190 3709 1368 3780 Rarissime
1388 3707 1593 3791 celebrabat,
1618 3713 1671 3782 vix
1693 3708 1805 3781 autem

381 3828 432 3898 vel
447 3854 625 3926 nunquam
641 3830 760 3926 agebat
774 3832 885 3928 aliqua
900 3857 966 3926 que
981 3831 1147 3926 pastorale
1166 3831 1316 3902 officium
1335 3830 1537 3929 requirebat.
1558 3831 1715 3928 Cumque
1733 3830 1804 3901 diu·

382 3954 453 4020 cius
475 3951 580 4023 vellus
599 3955 671 4023 sine
691 3957 811 4025 merito
836 3957 1040 4036 excussisset,
1059 3967 1305 4050 preoccupatus
1324 3969 1451 4036 morte,
1469 3979 1533 4025 nec
1556 3952 1597 4024 de
1618 3952 1721 4025 domo
1747 3979 1804 4022 sua

382 4070 567 4165 disposuit,
580 4099 645 4143 nec
657 4072 903 4147 consessionem
914 4074 1007 4157 fecit,
1022 4101 1085 4147 nec
1095 4076 1206 4172 aliqua
1219 4075 1435 4148 ecclesiastica
1445 4090 1650 4148 sacramenta
1665 4077 1802 4169 recepit.

418 4284 426 4314 ¹
448 4281 496 4334 Ms.
518 4282 570 4354 ²73
593 4281 625 4336 de
643 4284 786 4345 Toulouse,
807 4285 851 4339 sol.
870 4287 919 4347 so;
940 4306 987 4340 ms.
1010 4289 1043 4341 55
1062 4287 1094 4341 de
1119 4286 1261 4347 Toulouse,
1284 4286 1327 4341 sol.
1353 4306 1384 4341 ro
1406 4290 1442 4349 ἡ
1463 4306 1510 4341 ms.
1535 4287 1589 4359 780
1608 4285 1641 4340 de
1660 4285 1803 4345 Bordeaur,

377 4373 420 4428 sol·
434 4394 474 4430 rs.

510 4969 718 5029 sonestur,
742 4955 774 5018 α·
791 4948 910 5042 partie.

1936 781 1980 817 Lus

1881 874 2035 911 mactemus

1942 970 1975 1005 DE

1864 1062 1982 1100 Ennaton
1996 1064 2047 1099 ott.
