4928 6382
812 536 920 621 DES
953 535 1347 624 MANUSCRITS.
1706 538 1787 622 till

369 711 685 810 condempnanrlus.
720 712 831 784 Extra.
862 711 905 782 de
933 710 1103 793 hereticis,
1135 711 1225 784 libro
1256 712 1373 793 Sexto,
1406 713 1555 809 capitulo
1583 713 1626 786 Ut
1655 718 1794 811 inquisi-
1832 735 2056 749 --··-

1923 834 1968 870 121ss

369 841 475 910 cionis
488 839 511 905 ¹.

422 959 545 1030 F⁰m¹³
560 959 730 1027 ⁸⁰⁰²⁰¹¹⁰i⁰
749 979 971 1051 personarum
988 954 1226 1027 defunctarum
1245 984 1311 1054 que
1327 958 1440 1029 forent
1458 962 1484 1027 si
1505 962 1654 1029 viverent
1672 962 1794 1028 immu-
1868 926 2022 1059 ”¹⁰:2⁸³

370 1080 490 1159 rande,
510 1082 641 1150 ratione
655 1077 817 1147 duntaxat
831 1077 1014 1157 bonorum,
1851 1115 1968 1153 saisias
1982 1114 2037 1152 aar.

422 1201 545 1271 Forma
573 1201 744 1268 sentencie
770 1197 911 1292 alicujus
935 1184 1087 1268 defuncti
1117 1196 1259 1269 confessi
1286 1202 1320 1268 in
1348 1199 1479 1292 judicio
1504 1199 1548 1269 de
1572 1198 1682 1270 heresi
1709 1199 1792 1269 dum

368 1320 519 1400 vivebat,
541 1345 613 1391 non
634 1334 749 1389 tamen
775 1321 946 1389 invenitur
970 1317 1070 1388 fuisse
1092 1317 1265 1389 absolutus
1288 1345 1306 1389 a
1331 1324 1500 1390 sentencia
1522 1323 1794 1391 excommunica·

370 1445 474 1511 cionis
490 1441 557 1512 lata
574 1467 592 1510 a
611 1464 741 1511 canone
757 1453 877 1510 contra
890 1441 981 1510 tales.

422 1562 545 1632 Forma
567 1562 736 1631 sentencie
758 1560 900 1653 alicujus
921 1557 1072 1630 defuncti
1093 1563 1151 1654 qui
1174 1558 1239 1629 fuit
1256 1559 1369 1632 fautor
1392 1561 1620 1632 hereticorum
1646 1560 1730 1631 dum
1746 1566 1778 1631 vi

368 1698 477 1763 reret,
499 1682 542 1753 de
560 1708 627 1778 qua
645 1681 787 1751 fautoris
804 1705 875 1753 non
893 1686 1065 1752 invenitur
1078 1679 1286 1777 judicialiter
1304 1680 1404 1753 fuisse
1421 1681 1591 1753 confessus
1605 1707 1668 1751 nec
1687 1708 1793 1752 asen-

370 1808 479 1874 tencia
497 1806 860 1874 excommunicacionis
873 1802 1079 1898 judicialiter
1093 1799 1274 1873 absolutus.

422 1925 544 1995 Forma
562 1927 732 1995 sentencie
752 1949 973 2018 personarum
996 1922 1234 1994 defunctarum
1253 1927 1286 1992 in
1311 1923 1420 1995 heresi
1438 1940 1496 1994 aut
1513 1928 1795 2020 impeniteucium

369 2045 411 2116 de
422 2045 547 2117 eadem
560 2071 620 2118 seu
638 2046 866 2116 hereticaruna
882 2048 917 2114 in
937 2043 1015 2115 line.

421 2168 545 2238 Fnrma
565 2168 628 2238 alia
646 2181 764 2238 contra
784 2165 964 2236 defunctos
979 2169 1208 2261 inpenitentes
1223 2164 1266 2236 de
1286 2170 1429 2238 crimine
1448 2167 1584 2238 heresis.

422 2289 448 2358 F
450 2314 545 2360 orma
558 2290 729 2359 sentencie
748 2287 867 2382 relapsi
883 2289 917 2357 in
936 2287 1083 2357 heresim
1098 2289 1132 2356 in
1149 2286 1283 2384 judicio
1305 2287 1512 2382 abjuratam,
1532 2292 1591 2384 qni
1606 2288 1710 2360 luerit
1726 2305 1795 2359 tan-

370 2435 473 2504 quam
487 2410 561 2480 talis
574 2408 819 2505 relinquendus
834 2408 976 2479 brachio
989 2423 1024 2480 et
1033 2409 1165 2505 judicio
1181 2412 1273 2479 curie
1287 2411 1457 2481 secularis.

423 2531 546 2602 Forma
555 2556 635 2602 vero
649 2534 822 2601 sentencie
830 2528 1015 2601 sacerdotis
1025 2531 1146 2625 relapsi
1158 2532 1193 2599 in
1205 2529 1352 2601 heresim
1363 2534 1423 2627 qui
1434 2530 1792 2628 fueritdegradandus‚

371 2667 405 2722 et
418 2651 618 2749 degradatus
638 2651 823 2723 tradendus
842 2650 982 2722 brachio
1001 2666 1034 2722 et
1048 2649 1180 2747 judicio
1199 2655 1292 2721 curie
1312 2653 1486 2733 secularis,
1507 2657 1633 2747 poterit
1649 2655 1697 2724 sic
1714 2679 1795 2725 con-

371 2774 474 2846 cludi.

422 2896 545 2968 Forma
568 2899 738 2966 sentencie
761 2896 902 2992 alicujus
927 2896 1096 2965 manichei
1122 2895 1262 2966 heretici
1287 2896 1446 2966 obstinati
1469 2897 1618 2967 nolentis
1644 2900 1795 2968 converti

371 3016 413 3087 ab
430 3017 602 3088 erroribus
615 3041 679 3086 nec
696 3020 822 3086 reverti
836 3015 877 3086 ad
897 3017 1157 3086 ecclesiasticam
1176 3021 1354 3086 unitatem.

424 3138 547 3210 Furma
566 3139 629 3208 alia
645 3138 780 3208 alterius
798 3138 937 3208 heretici
951 3150 1041 3208 secte
1059 3135 1229 3233 ejusdem,
1245 3141 1304 3233 qui
1324 3162 1394 3207 nnn
1411 3138 1522 3207 solum
1538 3163 1609 3208 non
1626 3139 1700 3208 vult
1714 3163 1794 3209 con·

370 3263 456 3330 verti
473 3274 506 3330 et
522 3259 633 3330 redire
651 3258 694 3330 ad
712 3260 969 3330 ecclesiasticam
988 3262 1170 3339 unitatem,
1187 3257 1362 3329 sedetiam
1380 3272 1526 3329 mortem
1538 3258 1602 3330 sibi
1620 3260 1796 3341 accelerat,

370 3379 534 3474 ponendo
551 3406 587 3450 se
606 3383 641 3448 in
656 3380 713 3449 illa
733 3380 938 3451 abstinencia
957 3406 1063 3476 quarn
1076 3394 1201 3452 vocant
1214 3377 1398 3464 sudarem,
1415 3379 1518 3450 nichil
1534 3383 1668 3478 penitus
1683 3405 1797 3451 come-

371 3499 497 3572 dendo.

423 3623 546 3694 forma
565 3626 736 3693 sentencie
756 3623 896 3695 heretici
915 3622 958 3694 de
971 3636 1060 3694 secta
1076 3622 1213 3693 illorum
1233 3626 1291 3718 qui
1307 3621 1520 3717 appellentur
1538 3621 1721 3694 Valdenses
1739 3648 1798 3692 seu

372 3771 538 3841 pauperes
558 3744 600 3816 de
617 3744 795 3841 Lugduno.
906 3828 908 3832 Α

255 3854 260 3862 ’
424 3868 549 3938 Forma
567 3871 738 3939 sentencie
756 3867 899 3964 alicujus
918 3871 978 3962 qui
997 3870 1089 3961 prius
1109 3863 1364 3947 confessus‘fuit
1381 3864 1424 3935 de
1438 3864 1548 3936 heresi
1568 3869 1602 3934 in
1616 3863 1749 3959 judicio
1767 3878 1800 3934 et

374 4000 487 4077 postea
508 3993 696 4069 revocavit,
722 4002 756 4060 et
775 3989 1018 4059 nichilominus
1039 3987 1179 4058 testibus
1198 4002 1375 4083 superatus
1394 3999 1445 4057 est
1468 4000 1503 4056 ct
1523 3990 1717 4063 convictus.
1737 4010 1800 4055 nec

375 4109 480 4178 voluit
497 4134 531 4179 se
553 4108 736 4191 defendere
754 4114 787 4180 in
802 4109 934 4206 judicio
953 4124 1012 4180 aut
1032 4132 1191 4205 purgare,
1216 4106 1328 4178 oblata
1348 4107 1412 4178 sihi
1431 4134 1470 4178 ex
1487 4105 1800 4202 superhabundanti

374 4244 408 4300 et
421 4227 617 4299 exuberanti
635 4230 864 4303 misericordia
881 4257 983 4328 super
995 4230 1061 4304 hoc
1079 4229 1246 4302 facultate.

425 4351 551 4423 Forma
561 4356 731 4423 sentencie
739 4354 881 4448 alicujus
891 4354 1030 4424 heretici
1044 4353 1206 4424 obstinati
1220 4351 1263 4423 de
1274 4366 1364 4422 secta
1379 4377 1437 4422 seu
1452 4350 1561 4420 heresi
1572 4346 1801 4444 quorumdam
1876 4342 1885 4355 ⁸

374 4475 433 4571 qui
450 4473 616 4545 sedicunt
632 4474 820 4570 beguinos²
831 4498 891 4545 scu
909 4500 1075 4571 pauperes
1091 4474 1217 4546 Christi
1235 4478 1303 4545 sive
1316 4473 1359 4544 de
1376 4471 1528 4569 quodam
1540 4474 1646 4542 tercio
1662 4468 1799 4547 ordine.

374 4609 567 4691 separantes
581 4620 616 4666 se
631 4621 650 4665 a
668 4598 915 4666 communitate
930 4594 1095 4675 eliorum,
1116 4610 1148 4665 et
1167 4609 1372 4690 potestatem
1390 4617 1479 4690 pape
1498 4608 1532 4663 et
1550 4590 1689 4664 ecclesie
1708 4615 1801 4661 ener-

375 4731 504 4789 rantes.

414 4867 420 4897 ¹
442 4864 555 4938 Capitale
568 4863 741 4939 inquisicionis.
753 4864 803 4920 Ms.
818 4867 879 4941 196.
891 4897 930 4907 -
942 4867 953 4899 ¹
966 4863 1101 4938 Roscium
1114 4882 1163 4923 nte.
1179 4866 1238 4936 196.
