4928 6382
822 527 935 612 DES
967 525 1364 614 MANUSCRITS.
1718 530 1803 613 tte

381 705 435 776 cio
452 704 693 800 inquisitorum
712 701 754 773 de
775 705 973 775 auctoritate
995 719 1029 774 et
1048 717 1211 799 potestate
1228 706 1379 798 ipsorum
1399 718 1432 773 et
1452 703 1556 774 officii
1575 705 1805 801 inquisicionis
1843 724 2068 803 T

382 826 531 897 heretice
544 827 728 921 pravitatis,
745 826 910 921 precipue
927 849 987 920 per
1005 824 1178 920 privilegia
1197 840 1230 896 et
1251 826 1379 896 litteras
1394 824 1437 895 ab
1455 827 1638 920 apostolice
1658 825 1738 897 sede
1757 828 1804 897 eis
1879 862 2033 898 bruscam

383 971 556 1019 concessas
569 971 630 1042 per
642 945 790 1016 diversos
801 945 975 1017 Romanos
987 945 1169 1041 pontifices
1181 950 1384 1025 successive,
1397 946 1571 1043 exquibus
1584 947 1682 1041 plura
1695 950 1804 1042 posita
1939 955 1972 989 ⁰⁸

383 1082 461 1139 sunt
478 1071 513 1139 in
529 1072 623 1164 jure,
644 1081 681 1138 ut
696 1070 856 1139 noverint
873 1067 955 1163 quid
976 1083 1116 1162 possunt
1132 1083 1166 1138 et
1178 1068 1325 1164 qualiter
1341 1066 1489 1138 debeant
1506 1072 1552 1138 eis
1570 1075 1630 1138 uti.
1863 1049 1980 1085 aarum
1995 1048 2049 1083 Μ’

434 1191 625 1286 incipiunt¹
645 1190 734 1260 tituli
752 1190 870 1285 quinte
886 1204 920 1262 et
935 1188 1056 1259 ultime
1070 1193 1174 1284 portis
1185 1204 1347 1260 tractatus
1358 1188 1400 1259 de
1415 1193 1562 1284 practico
1573 1189 1675 1262 officii
1694 1195 1805 1286 inqui-

383 1313 527 1383 sicionis.
1309 1399 1316 1412 ι

436 1431 550 1503 Primo
566 1433 773 1528 premittitur
788 1434 937 1503 intencio
953 1435 1074 1503 actoris
1090 1446 1123 1503 et
1138 1435 1279 1502 materia
1293 1433 1419 1526 operis,
1437 1432 1480 1504 de
1495 1459 1560 1530 qua
1577 1434 1807 1527 principaliter

383 1553 571 1625 intenditur
587 1557 622 1623 in
638 1556 761 1649 quintu
773 1568 808 1624 et
823 1553 943 1624 ultima
958 1569 1052 1648 parte
1075 1567 1244 1626 tractatus.

435 1672 594 1745 Secundo
613 1673 757 1745 traditur
774 1688 808 1745 et
826 1673 1031 1745 describitur
1048 1673 1196 1768 quedam
1218 1677 1395 1745 instructio
1413 1699 1473 1745 seu
1490 1672 1692 1745 informacio
1711 1699 1811 1771 gene-

262 1802 267 1809 '
384 1796 461 1867 ralis
478 1798 565 1866 cirea
583 1794 725 1865 modurn
745 1821 805 1866 seu
820 1793 963 1865 sormam
980 1794 1176 1890 inquirendi
1192 1822 1252 1866 seu
1273 1794 1486 1867 examinandi
1503 1811 1536 1865 et
1553 1797 1810 1890 interrogatoria

385 1915 540 1986 faciendi.

886 2029 939 2098 De
955 2028 1134 2099 Monicircis
1152 2028 1305 2099 hereticis.

435 2188 489 2259 De
507 2186 680 2259 erroribus
696 2201 785 2256 secte
804 2185 1063 2258 Manicheorum
1081 2186 1239 2256 moderni
1259 2188 1431 2280 temporis.

437 2308 489 2379 De
507 2311 574 2379 ritu
593 2322 626 2378 et
638 2306 744 2378 modo
754 2304 892 2378 vivendi
911 2321 945 2377 et
957 2307 1177 2378 conversandi
1191 2308 1346 2401 ipsorum
1366 2305 1637 2377 Maniobeorum.

435 2429 487 2500 De
510 2428 615 2500 modo
640 2429 850 2500 beretieandi
875 2454 934 2499 sen
965 2426 1150 2524 recipiendi
1180 2427 1336 2499 infirmos
1366 2428 1407 2498 ad
1436 2440 1562 2499 sectam
1591 2443 1623 2498 et
1653 2426 1811 2498 ordinem

385 2555 549 2645 ipsorum.
1711 2546 1717 2559 '

437 2672 489 2743 De
506 2673 610 2744 modo
627 2672 877 2768 dogmatizandi
895 2675 1051 2769 ipsorum
1064 2687 1097 2743 et
1113 2671 1323 2744 informandi
1342 2670 1520 2742 credentes
1537 2695 1626 2743 suos.

438 2794 490 2865 De
508 2795 774 2890 interrogatoriis
792 2791 954 2865 faciendis
968 2792 1009 2865 ad
1029 2794 1206 2865 credentes
1224 2793 1267 2864 de
1284 2808 1372 2864 secta
1383 2793 1654 2865 Manicheorum.

434 2914 617 2987 instructio
641 2940 700 2987 sen
724 2914 926 2986 informaris
950 2915 1099 3010 quedam
1122 2915 1288 3011 generalis
1315 2918 1403 2985 cirea
1428 2915 1713 3010 interrogaciones
1736 2915 1813 2984 scri·

384 3036 516 3107 bendas
531 3052 589 3107 sut
607 3061 678 3107 non
694 3035 901 3147 scribendas.

878 3214 930 3283 De
944 3210 1144 3283 Voidensibos
1160 3213 1313 3283 hereticis.

435 3369 487 3440 De
502 3385 589 3441 secto
610 3368 847 3451 Valdensium‚
867 3369 959 3440 unde
977 3368 1098 3441 babuit
1116 3373 1282 3467 originem
1300 3385 1334 3442 et
1352 3371 1395 3443 de
1408 3387 1563 3466 tempore
1580 3395 1650 3466 quo
1670 3372 1797 3464 incepit

437 3492 488 3563 De
507 3492 629 3587 tripiici
647 3495 909 3587 nuncupacione
927 3496 1082 3587 ipsorum
1102 3491 1336 3564 Valdeusium.

437 3613 488 3684 De
501 3611 672 3683 erroribus
685 3611 906 3685 Valdensium
917 3612 1075 3684 moderni
1090 3616 1254 3709 temporis
1270 3618 1347 3710 quia
1360 3615 1442 3686 olim
1457 3614 1573 3710 piures
1583 3614 1666 3684 aiios
1685 3611 1801 3683 bobus

383 3750 473 3807 runt.

435 3857 487 3928 De
506 3857 611 3928 modo
628 3882 687 3926 seu
706 3859 773 3927 ritu
786 3853 980 3927 celebrandi
996 3858 1133 3927 missam
1152 3858 1316 3951 ipsorum.

434 3978 486 4049 De
499 3976 606 4049 modo
624 3976 759 4049 vivendi
778 4003 839 4048 seu
852 3976 1074 4048 conversandi
1093 3980 1247 4072 ipsorum
1263 3975 1496 4049 Veidensium.

435 4098 487 4169 De
506 4097 611 4168 modo
629 4097 777 4169 docendi
795 4100 946 4193 ipsorum
965 4124 1022 4169 seu
1039 4096 1250 4170 informandi
1269 4097 1445 4168 credentes
1460 4123 1548 4168 suos.

436 4217 488 4288 De
508 4218 679 4288 erroribus
698 4223 780 4288 suis.

435 4338 486 4409 De
501 4340 634 4407 astuciis
651 4352 684 4407 et
703 4336 839 4408 iuliaciis
853 4338 1074 4410 Valdensium
1097 4339 1222 4435 quibus
1241 4366 1276 4410 se
1295 4354 1481 4435 contegunt
1501 4344 1534 4408 in
1555 4336 1806 4433 respondendo.

435 4460 487 4531 De
504 4458 769 4554 sophismatibus
784 4473 817 4529 et
830 4457 1109 4554 dtrppiicitatibus
1126 4459 1313 4532 verborum
1332 4463 1495 4556 ipsorum.

436 4582 488 4654 De
502 4582 764 4677 interrogatoriis
783 4578 942 4650 iaciendis
955 4580 997 4652 ad
1017 4580 1093 4652 illos
1107 4584 1167 4677 qui
1180 4581 1392 4653 confitentur
1410 4581 1453 4652 de
1468 4597 1556 4653 secta
1569 4579 1805 4653 2Vaidensium.

421 4851 428 4883 ¹
448 4849 497 4903 Me.
512 4851 561 4920 98,
574 4847 617 4904 sol.
631 4850 695 4912 1283
708 4865 757 4902 nrt.
773 4850 836 4920 196.
849 4845 891 4900 soi.
904 4866 947 4918 7⁰·
