4916 6380
831 529 940 616 DES
979 530 1322 617 MANUSCRl'l
1331 532 1376 617 S.

1731 530 1818 616 305

394 708 462 785 cile
482 709 529 785 de
551 711 656 814 Lyon
677 737 722 785 en
756 711 892 812 127li¹‚
916 726 953 784 et
974 736 1043 784 aux
1069 708 1253 813 chapitres
1272 710 1456 814 generans
1480 738 1552 814 que
1574 708 1629 784 les
1651 708 1821 785 Domini·

392 810 492 915 cains
506 838 644 915 tinrent
660 848 681 914 2
695 838 806 914 Μ2122
823 866 869 914 22
892 840 1028 925 22551,
1052 846 1071 913 d
1092 838 1191 914 Paris
1209 867 1255 914 en
1283 842 1422 927 molt
1450 845 1469 913 a
1490 840 1591 944 hyon
1612 865 1658 913 en
1684 840 1817 940 ”74²2

393 969 620 1046 1232222222(
640 998 685 1044 22
712 976 846 1073 22775,
871 984 907 1043 22
926 975 947 1043 al
967 968 1066 1044 Paris
1087 997 1132 1044 en
1161 975 1297 1071 ¹²7o⁶·
1328 970 1397 1045 Les
1419 968 1600 1045 fonctions
1620 967 1708 1074 qu'il
1728 970 1821 1046 avait

1950 829 1994 866 Lus

1895 922 2050 960 mitescatis

1956 1017 1990 1054 DE

393 1100 566 1206 remplies
584 1117 621 1176 et
636 1098 690 1175 les
707 1108 863 1206 voyages
885 1098 973 1204 qu’il
996 1099 1089 1175 avait
1116 1098 1314 1204 accomplis
1336 1098 1502 1175 l'avaient
1518 1099 1588 1174 mis
1607 1129 1653 1175 en
1671 1117 1821 1206 rapport
1879 1110 1996 1147 ³⁸³³t¹⁸⁰
2011 1111 2075 1148 ⁶⁸¹⁶

393 1262 478 1309 avec
488 1231 684 1337 beaucoup
696 1231 742 1306 de
760 1257 1007 1336 personnages
1022 1230 1086 1335 qui
1105 1228 1156 1305 lui
1173 1231 1315 1306 avaient
1331 1230 1395 1305 leit
1414 1229 1479 1305 des
1493 1230 1820 1306 communications

393 1365 631 1470 imponantes
656 1392 718 1438 sur
742 1360 918 1438 l'histoire
946 1361 1011 1438 des
1035 1361 1300 1438 Dominicains.
1326 1362 1425 1438 Dans
1445 1390 1496 1438 un
1520 1361 1680 1449 endroit,
1700 1359 1725 1436 il
1740 1390 1821 1467 rap-

391 1494 489 1600 pelle
517 1494 570 1571 les
597 1494 705 1570 222222
729 1492 818 1598 qu'il
851 1492 943 1568 avait
974 1490 1159 1568 recueillis
1194 1492 1241 1567 de
1266 1491 1300 1567 la
1322 1490 1470 1569 bouche
1498 1501 1618 1567 meme
1650 1492 1696 1568 de
1724 1491 1820 1569 12222

393 1628 541 1704 Moneta
565 1626 611 1701 de
633 1625 833 1709 Cremone,
848 1622 1003 1699 l'auteur
1023 1622 1132 1699 d’une
1155 1623 1306 1701 Somme
1330 1622 1476 1699 celebre
1498 1641 1622 1699 contre
1643 1621 1822 1700 12212222-

392 1757 544 1862 tiques⁷.
561 1754 730 1842 Ailleurs‚
744 1753 770 1830 il
786 1771 956 1861 rapporte
978 1784 1053 1831 une
1070 1754 1247 1832 anecdote
1264 1754 1352 1862 qu’il
1368 1755 1462 1830 avait
1477 1755 1640 1832 entendu
1655 1772 1822 1832 raconter

393 1889 519 1964 21222
538 1888 585 1963 (12
604 1889 777 1972 11222222,
797 1885 871 1962 122
887 1885 953 1962 (122
971 1884 1143 1992 disciples
1164 1886 1210 1961 dc
1232 1887 1326 1963 saint
1349 1886 1574 1992 Dominique
1597 1886 1661 1993 qui
1680 1886 1823 1962 vinrent

394 2026 414 2094 2
430 2019 529 2095 Paris
546 2048 641 2124 pour
657 2049 680 2124 y
696 2017 1488 2145 2222222222222227223272221.1122222622
1505 2018 1549 2093 l’a
1568 2017 1720 2123 depeint
1735 2046 1822 2094 sous

392 2149 446 2226 les
462 2151 563 2227 traits
581 2150 667 2226 d’un
687 2148 865 2255 religieux
880 2149 1091 2256 accompli⁹.
1105 2149 1261 2225 Etienne
1279 2148 1326 2225 de
1339 2149 1519 2228 Salanhac
1533 2150 1626 2225 avait
1643 2150 1822 2254 entrepris

393 2282 546 2359 d'ecrire
568 2281 633 2358 des
653 2281 851 2357 2222222222
869 2311 932 2357 222
948 2280 1002 2357 122
1020 2298 1210 2386 avantages
1231 2280 1294 2386 qui
1313 2279 1481 2356 laisaient
1497 2280 1531 2356 la
1548 2280 1665 2387 gloire
1688 2279 1735 2355 de
1754 2309 1821 2357 son

392 2414 549 2491 ordre¹⁰.
579 2412 607 2489 ll
624 2409 651 2518 ’7
676 2410 863 2490 travaillait
886 2442 933 2489 en
959 2441 1059 2517 2277
1084 2430 1121 2489 22
1146 2415 1266 2515 2278,
1290 2440 1434 2489 comme
1459 2412 1484 2487 il
1503 2442 1523 2487 a
1540 2412 1615 2517 pris
1638 2412 1718 2489 soin
1737 2411 1820 2487 il'en

437 2666 442 2696 ¹
468 2666 520 2726 Ms.
537 2666 597 2747 273
612 2664 650 2725 de
663 2664 823 2731 Toulouse.
838 2664 887 2724 iol.
903 2668 952 2734 212.
1040 2664 1046 2671 ’

434 2767 444 2798 ¹
466 2766 534 2831 Cela
552 2766 662 2829 semble
681 2767 804 2830 22221222
820 2767 908 2829 (1222
930 2780 996 2829 2222
1016 2772 1067 2851 (722

391 2883 432 2932 222
447 2873 519 2934 dans
535 2870 561 2932 le
576 2895 629 2932 ms.
646 2874 706 2952 780
723 2871 761 2932 de
778 2872 944 2939 Bordeaux.
963 2894 999 2932 22
1017 2874 1067 2932 1222

391 2974 431 3035 (12
445 2974 493 3035 sol.
509 2975 576 3042 2126.

433 3078 444 3107 ³
468 3078 489 3139 ll
509 3101 527 3163 7
544 3078 636 3161 figure
656 3102 694 3140 en
716 3077 823 3160 qualite'
846 3077 882 3138 (12
902 3076 1065 3138 (1212222222.

393 3182 445 3241 Ma
461 3181 499 3243 dc
514 3182 663 3242 Bordeaux
677 3184 753 3265 782,
768 3180 815 3240 lol.
838 3180 894 3243 163
908 3189 944 3240 r‘.

435 3284 444 3313 ⁴
467 3284 553 3352 ibid„
568 3284 616 3344 121.
638 3287 694 3347 285
709 3294 745 3343 v⁰.

434 3388 444 3416 ⁵
467 3388 553 3458 Ibid,
570 3386 619 3446 sol.
642 3391 713 3471 292,
727 3387 782 3448 col.
801 3409 825 3448 2.

434 3490 444 3521 ⁶
466 3470 587 3552 litienne
602 3491 741 3575 2222721222
755 3514 787 3551 22
800 3492 928 3576 chapitre
938 3490 979 3551 les
991 3492 1066 3552 lonc-

390 3596 466 3655 tions
479 3593 517 3655 de
529 3593 699 3661 deliniteum
713 3594 794 3663 ibid..
812 3593 860 3654 lol.
880 3615 935 3677 ¹97
949 3603 987 3653 r⁰.

433 3698 443 3729 ⁷
466 3726 476 3752 ι
487 3699 587 3758 Frater
598 3698 727 3765 11122222,
738 3699 858 3758 nacione
869 3698 1064 3765 Lombardua‚

390 3804 440 3884 qui
479 3812 578 3862 contra
612 3801 839 3861 machinationes
874 3800 1066 3861 hereticorum

392 3905 545 3965 maximam
560 3915 588 3965 22
601 3904 804 3965 validissimam
817 3927 962 3964 summam
980 3906 1067 3990 scrip

390 4009 439 4067 sit.
454 4057 460 4069 .
475 4053 503 4069 ..
528 4010 602 4068 22222
620 4009 657 4069 ab
674 4009 738 4093 ipso
758 4009 844 4068 fratre
866 4008 981 4068 Moneta
1005 4030 1066 4068 nar-

391 4122 471 4170 rante
487 4110 615 4170 audivi·
637 4112 689 4171 Ms.
713 4112 773 4192 273
788 4110 825 4170 (12
840 4109 999 4177 Toulouse.
1016 4109 1064 4170 sol.

395 4216 431 4280 22
445 4220 482 4271 ν’.
500 4246 537 4259 -
554 4213 611 4274 Sur
628 4214 702 4275 12222
723 4215 852 4279 Moneta.
873 4214 1071 4297 2272202221

391 4327 419 4375 et
435 4294 562 4382 12212222,
579 4315 744 4396 Scriptores,
762 4318 786 4384 1,
806 4338 873 4377 222.

433 4418 443 4449 ⁸
466 4418 519 4477 1112.
536 4419 596 4500 273
609 4417 646 4478 (12
660 4418 822 4485 12212222,
836 4419 885 4479 sol.
901 4424 950 4486 22.

433 4522 443 4551 '
466 4522 542 4581 «Hic
558 4521 643 4582 irater
657 4521 820 4606 Stephanus
833 4523 888 4583 luit
901 4524 943 4582 vir
955 4522 1010 4581 vite
1022 4544 1065 4582 re

391 4624 538 4692 nerahilis.
564 4627 654 4707 gratia
679 4626 881 4710 predicationis
906 4623 1011 4685 (1211222
1033 4626 1065 4684 22

389 4727 472 4790 labiis
483 4731 545 4813 ejus
553 4777 559 4795 .
568 4728 735 4789 benedictus
746 4751 762 4788 2
775 4729 901 4789 Domino
912 4730 987 4797 Deo,
998 4750 1066 4813 pru·

389 4831 487 4892 dcntia
498 4855 615 4915 quoque
623 4844 652 4893 22
664 4833 801 4918 2272222222
815 4833 964 4915 regiminis
974 4830 1064 4892 multa

390 4934 530 5019 proditus.
554 4935 688 4995 lacundia
708 4935 786 4996 verbi
809 4934 967 5021 plurimum
991 4934 1064 4996 redi·

518 5086 607 5133 22222
626 5086 724 5143 xxvii,
745 5069 778 5132 2ο
791 5064 911 5158 partie.

1143 2666 1243 2733 222122,
1258 2667 1433 2751 experientia
1445 2666 1561 2735 doctus.
1578 2667 1606 2726 in
1620 2665 1666 2725 his
1681 2687 1739 2748 que
1756 2664 1821 2726 reli·

1142 2770 1237 2851 gionis
1250 2780 1317 2829 sunt
1328 2770 1438 2830 obtime
1453 2772 1623 2837 instructus,
1639 2769 1738 2852 magni
1751 2791 1819 2829 con·

1142 2872 1213 2939 silii,
1234 2873 1393 2957 opinionis¹
1407 2885 1435 2932 et
1457 2874 1532 2933 lame
1554 2871 1683 2958 preclare
1708 2873 1738 2932 in
1761 2883 1819 2933 tota

1143 2976 1245 3058 patrie,
1256 2974 1403 3057 religionis
1413 2975 1563 3059 speculum
1577 2987 1605 3036 22
1617 2977 1728 3057 imago.
1739 2977 1818 3035 omni

1142 3077 1292 3162 aspicienti
1299 3100 1415 3137 morum
1427 3100 1460 3138 22
1473 3089 1606 3159 gestuum
1617 3079 1753 3161 gravitate
1760 3100 1820 3138 ma·

1142 3191 1205 3240 tura
1216 3181 1405 3265 compositus.
1417 3202 1532 3263 semper
1542 3192 1570 3241 22
1578 3180 1686 3262 ubique
1697 3182 1727 3241 in
1736 3183 1818 3241 omni

1143 3294 1260 3343 statuae
1271 3296 1352 3343 motu
1363 3306 1425 3345 222.
1436 3283 1523 3348 Gesta
1533 3304 1653 3366 quoque
1665 3283 1816 3350 notabilia.

1142 3386 1274 3447 historias
1304 3385 1475 3453 laudabiles.
1504 3386 1702 3447 memorabilia
1730 3387 1816 3453 lacta,

1142 3488 1273 3573 exempla
1288 3512 1436 3550 servorum
1453 3491 1505 3551 Dei
1523 3512 1610 3572 quam
1628 3488 1751 3574 plurima
1765 3513 1818 3550 nn·

1143 3593 1194 3660 vit,
1212 3604 1240 3653 et
1257 3593 1436 3676 ubicumque
1453 3593 1607 3679 expediens
1625 3615 1687 3653 2222
1700 3593 1770 3654 vidit
1787 3595 1817 3653 in

1142 3708 1278 3781 promptu
1296 3695 1399 3757 habuit
1419 3696 1456 3757 ad
1476 3695 1667 3766 narrandum,
1685 3698 1715 3757 in
1735 3700 1818 3781 cujus

1142 3799 1277 3859 manibus
1293 3821 1358 3859 sum
1370 3800 1523 3885 professus.
1539 3800 1592 3858 Hic
1606 3801 1689 3881 quasi
1704 3822 1818 3881 sexage-

1144 3904 1240 3962 narius
1256 3903 1286 3961 in
1304 3901 1406 3962 ordine
1425 3924 1512 3963 senex
1530 3914 1558 3962 et
1576 3900 1681 3988 plenus
1701 3903 1817 3963 dierum

1142 4005 1213 4066 obiit
1227 4007 1257 4064 in
1273 4016 1416 4065 conventu
1433 4006 1645 4073 Lemovicensi.
1662 4016 1740 4066 22222
1753 4006 1817 4066 idus

1141 4109 1370 4177 lanuarii‚anno
1382 4109 1500 4170 Domini
1512 4130 1616 4170 222222.
1628 4137 1638 4165 ι
1648 4110 1700 4168 Μ2.
1713 4108 1817 4191 273212

1141 4210 1300 4280 12212222,
1316 4209 1364 4271 sol.
1378 4213 1419 4295 129
1433 4220 1474 4280 v⁰;
1488 4236 1541 4272 ms.
1555 4234 1589 4294 9¹
1607 4210 1816 4279 (12Τ2212222,

1143 4314 1190 4375 lol.
1212 4315 1257 4377 26.

1186 4416 1206 4448 '⁰
1229 4419 1304 4479 «Hic
1320 4419 1405 4479 122222
1420 4417 1583 4503 Stephanus
1603 4419 1727 4478 incoavit
1746 4428 1817 4478 trac·

1141 4532 1231 4582 tatum
1253 4520 1409 4604 quemdam
1429 4521 1546 4582 brevem
1564 4532 1592 4581 et
1610 4520 1747 4582 devotum
1767 4520 1815 4582 de·

1141 4626 1213 4683 votis
1224 4624 1262 4685 de
1279 4635 1402 4706 quatuor
1417 4626 1446 4685 in
1462 4623 1568 4707 quibus
1588 4625 1665 4685 Deus
1684 4625 1816 4686 Predica·

1140 4738 1237 4787 torum
1259 4726 1392 4787 ordinem
1414 4728 1575 4809 insignivit,
1599 4751 1687 4812 (72222
1707 4750 1761 4813 ego
1786 4730 1816 4790 in

1142 4829 1247 4891 notulis
1261 4831 1400 4916 scriptum
1414 4831 1451 4891 de
1467 4854 1556 4892 manu
1571 4854 1622 4892 sua
1636 4833 1816 4918 semiperfec-

1140 4944 1204 4995 tum
1224 4935 1383 5020 reperiens.
1408 4934 1577 5018 diligentius
1602 4935 1751 5019 recollegi,
1777 4937 1815 5020 ip·

1638 5060 1685 5155 32
1790 5146 1798 5155 .
