4928 6382
832 502 942 590 DES
980 502 1369 591 MANUSCRITS.
1723 504 1809 592 [103

389 707 584 758 sermonem
600 696 680 753 ante
698 695 823 777 etpost
835 680 1011 755 interdum
1027 680 1131 763 hunt,
1146 708 1187 754 ac
1201 686 1302 755 etiarn
1320 681 1363 752 de
1380 681 1586 754 multitaliis
1600 709 1747 781 qumpor
1761 688 1812 757 in·
1848 701 2076 773 ·““·““ῗ·“

388 808 565 900 quisitores
587 816 733 899 aguntur
753 817 787 874 st
807 784 1035 898 disponuntur
1050 807 1089 875 in
1114 802 1419 899 diversis-negociis
1443 817 1477 873 et
1496 808 1603 874 causis
1616 820 1659 875 =et
1676 804 1811 875 casibus
1940 802 1985 839 ¹⁸¹⁸

388 924 777 1023 emergentibus,‚prout
793 928 829 997 in
843 928 922 1020 ipsis
939 925 1055 997 litteris
1073 923 1212 996 inferius
1229 923 1587 1021 liquidiauapparebit.
1884 895 2040 1026 struppum

438 1049 478 1119 In
491 1050 586 1118 tertia
600 1059 694 1141 parte
709 1044 855 1117 traditur
865 1044 988 1117 modus
1003 1058 1038 1115 et
1052 1043 1141 1117 ordo
1154 1070 1276 1117 eousm
1293 1070 1361 1138 que
1379 1048 1414 1114 in
1427 1046 1748 1142 generali-sermone
1760 1053 1811 1119 in-
1868 1081 1985 1120 sunm
1999 1082 2053 1121 an.

387 1172 589 1267 quisitorum
606 1170 642 1237 in
653 1170 821 1262 principio
833 1165 1065 1262 suntagenda3
1077 1170 1159 1237 item
1169 1163 1408 1237 deseribuntur
1420 1165 1684 1239 modiatforme
1699 1170 1809 1242 direr-

387 1316 501 1361 sarum
510 1291 773 1384 penitentiarum
782 1313 822 1356 ac
831 1291 1074 1358 sententiarum
1085 1312 1154 1382 que
1163 1289 1388 1380 imponuntur
1400 1285 1810 1383 ecferuntmjudieialiter

306 1484 311 1493 ,
388 1415 423 1481 in
441 1415 513 1507 ipso
529 1434 684 1482 sermone
700 1412 851 1504 personis
867 1408 1020 1489 diversis,
1038 1422 1109 1478 tam
1128 1406 1356 1502 penitentibus
1373 1411 1596 1502 quametiam
1609 1412 1813 1504 impeniten-

387 1531 476 1603 tihus
493 1532 536 1603 de
551 1532 693 1602 crimine
708 1530 848 1610 heresis,
867 1544 939 1600 tam
954 1531 1037 1602 viris
1054 1554 1161 1624 quam
1178 1532 1279 1599 etiam
1297 1528 1479 1609 defiruetis,
1500 1543 1601 1624 prout
1615 1534 1651 1600 in
1669 1530 1762 1602 libris
1779 1546 1812 1602 et

388 1658 423 1722 in
441 1656 521 1723 actis
544 1650 688 1746 puhlicis
707 1652 941 1746 inquisicionis
962 1649 1005 1721 sd
1025 1664 1225 1746 perpetuam
1239 1654 1295 1720 rei
1318 1652 1520 1721 memoriam
1537 1650 1807 1723 conscrihrmtur.

438 1775 478 1844 ln
494 1786 611 1868 quarta
627 1797 707 1842 vero
725 1785 821 1867 parte
834 1772 1002 1867 colligitur
1016 1786 1049 1842 et
1066 1771 1268 1853 describitur
1283 1771 1434 1867 quedam
1443 1770 1550 1842 breuis
1564 1786 1597 1841 et
1606 1772 1694 1843 utilis
1708 1773 1810 1844 insor-

387 1897 490 1966 matio
506 1896 761 1991 inquisitorum,
776 1891 820 1962 de
834 1896 1029 1965 auctoritate
1042 1906 1076 1964 et
1093 1896 1428 1989 potestate-ipsorum
1447 1906 1480 1964 et
1496 1892 1600 1964 officii
1614 1896 1810 1989 inquisicio-

387 2018 440 2109 nis
456 2013 603 2087 heretice
621 2017 806 2110 pravitatis,
827 2016 973 2085 maxime
994 2040 1055 2108 per
1078 2015 1251 2109 privilegia
1270 2029 1303 2085 et
1321 2011 1508 2084 litteras'ab
1526 2013 1710 2108 apostolica
1732 2013 1809 2085 sede

388 2140 434 2207 eis
456 2160 630 2206 concessas
654 2160 716 2230 per
734 2134 883 2204 diversos
905 2134 1077 2205 Romanos
1095 2134 1272 2230 pontifices
1289 2138 1488 2213 successive,
1514 2160 1553 2203 ex
1572 2133 1706 2228 quihus·
1713 2136 1809 2230 plura

387 2261 494 2352 posita
511 2270 590 2326 sunt
607 2259 641 2326 in
652 2258 741 2350 jure.
755 2255 866 2329 Extra.
886 2253 928 2325 de
943 2254 1114 2338 hereticis,
1132 2254 1409 2335 thrasumtn
1428 2254 1564 2324 diversis
1583 2255 1752 2348 capitulis,
1772 2272 1810 2326 ut

387 2381 541 2449 noverint
558 2376 641 2474 quid
659 2390 799 2472 possunt
817 2391 851 2446 et
866 2376 1011 2473 qualiter
1028 2376 1173 2448 debeant
1190 2380 1236 2447 eis
1256 2381 1317 2448 uti.

436 2499 476 2569 In
491 2502 609 2593 quinta
627 2512 661 2569 et
677 2498 796 2567 ultima
815 2511 910 2593 parte
930 2501 1038 2591 agitur
1054 2497 1097 2568 de
1115 2496 1236 2579 modo,
1258 2512 1328 2568 arte
1347 2509 1379 2566 et
1403 2500 1538 2590 ingenio
1561 2495 1756 2591 inquirendi
1778 2512 1810 2567 et

386 2619 599 2695 examinandi
615 2619 781 2691 hereticos
797 2632 830 2688 et
843 2618 1020 2691 credentes
1037 2632 1069 2688 et
1091 2618 1274 2713 complices
1299 2617 1515 2698 eorumdem,
1536 2631 1574 2686 ut
1599 2617 1809 2713 singidonum

385 2739 519 2812 haudes
535 2754 569 2811 et
581 2740 651 2812 doli
662 2754 698 2811 et
711 2744 835 2811 astucia
851 2737 974 2836 quibus
986 2766 1021 2811 se
1037 2753 1221 2836 contegunt
1235 2739 1389 2811 subtilius
1401 2738 1602 2834 detegantur
1616 2764 1655 2808 ex
1664 2742 1810 2833 propriis

385 2865 648 2957 interrogatoriis
664 2862 891 2957 singulorum,
911 2876 981 2932 tam
996 2862 1040 2933 de
1057 2875 1147 2931 secta
1161 2860 1422 2932 Manicheorum
1442 2885 1546 2956 quam
1566 2859 1609 2931 de
1627 2874 1714 2930 secta
1735 2859 1810 2931 Val-

386 2983 543 3055 densium
569 3008 627 3053 seu
652 3007 843 3077 pauperum
870 2981 912 3053 de
938 2980 1119 3076 lugdune,
1147 3006 1250 3077 quarn
1274 2983 1374 3051 etiam
1399 2980 1442 3051 de
1463 2996 1553 3053 secta
1579 2981 1809 3076 quorumdam

385 3104 515 3199 pseudo
545 3101 777 3198 apostolorum
804 3106 862 3198 qui
882 3101 964 3172 falso
989 3127 1023 3172 se
1050 3100 1175 3173 Christi
1200 3100 1368 3196 apostolos
1394 3098 1607 3195 profitentur,
1638 3126 1718 3172 cum
1741 3104 1809 3170 sint

383 3228 497 3320 potius
512 3222 653 3327 apostoli
673 3223 873 3306 antichristi,
890 3238 960 3297 tam
981 3226 1083 3295 etiam
1104 3220 1334 3319 quorumdam
1354 3219 1502 3292 aliorum
1522 3221 1698 3315 eujuuhm
1721 3236 1808 3291 secte

384 3344 548 3441 pesh'lere
558 3343 733 3417 modernis
747 3343 961 3439 temporibus
976 3343 1174 3424 adinvente,
1191 3343 1265 3439 qui,
1284 3341 1347 3413 sub
1364 3341 1513 3438 quadam
1531 3342 1687 3415 simulate
1701 3344 1808 3438 magis

383 3492 485 3564 quam
510 3467 689 3538 assimilate
718 3468 909 3562 evangelice
937 3468 1145 3562 paupertatis
1172 3463 1394 3560 perlectione,
1424 3463 1550 3536 Christi
1582 3488 1748 3559 pauperes
1773 3488 1809 3532 se

382 3589 568 3685 appellant,
582 3589 734 3661 dicentes
748 3613 784 3660 se
799 3613 874 3661 esse
886 3588 930 3660 de
943 3590 1050 3659 tercio
1061 3586 1183 3659 ordine
1194 3612 1255 3659 seu
1267 3587 1310 3658 de
1326 3589 1427 3659 tercia
1445 3586 1564 3683 regula
1580 3588 1686 3656 sancti
1705 3585 1808 3655 Fran·

381 3713 475 3791 cisci,
495 3725 669 3806 pertentes
692 3711 844 3783 brunum
867 3708 1021 3783 habiturn
1046 3735 1127 3781 cum
1147 3708 1329 3789 mantello,
1349 3722 1385 3780 et
1406 3708 1512 3805 aliqui
1533 3711 1605 3779 sine
1624 3706 1804 3787 mantello,

381 3834 441 3928 qui
460 3858 479 3902 a
497 3833 599 3929 vulgo
613 3831 755 3928 bequini
775 3846 810 3903 et
822 3833 975 3928 bequine
991 3831 1223 3903 communiter
1234 3830 1458 3925 appellantur,
1471 3853 1607 3902 necnon
1621 3842 1655 3900 et
1668 3830 1807 3900 illorum

382 3955 459 4047 qui,
485 3979 503 4023 a
525 3952 668 4050 perfidia
691 3952 884 4025 Judeomm
910 3955 1066 4025 conversi
1090 3952 1133 4024 ad
1158 3950 1261 4023 lidem
1288 3949 1433 4032 Christi,
1459 3964 1683 4048 apostatantes
1701 3947 1744 4020 ab
1768 3974 1805 4019 ea

380 4089 599 4144 revertuntur
621 4073 662 4144 ad
684 4077 854 4146 vomitum
876 4074 1062 4172 judnysmi.
1087 4073 1127 4143 ln
1147 4072 1215 4142 hnc
1236 4096 1318 4145 rem
1342 4086 1460 4144 contra
1483 4086 1613 4167 pestem
1635 4097 1695 4142 seu
1717 4095 1807 4141 erro·

381 4218 454 4266 rem
482 4194 677 4288 pestiferum
703 4197 967 4292 sortilegiorum,
994 4195 1247 4269 divinacionum
1274 4209 1308 4267 et
1335 4195 1589 4266 insecutionum
1617 4193 1805 4264 demonum

381 4315 492 4412 aliqua
512 4319 790 4413 perstringentur,
810 4332 844 4388 et
866 4317 961 4390 modi
986 4317 1109 4389 diversi
1127 4331 1160 4388 et
1180 4317 1307 4412 proprii
1326 4315 1503 4414 abjurandi
1525 4316 1670 4387 heresim
1692 4317 1805 4385 rescri-

379 4436 516 4509 bentur.
1206 4502 1211 4512 .

431 4556 613 4655 Sequitur¹
635 4561 746 4655 prims
767 4582 845 4655 pars
871 4571 1046 4639 mactatus,
1071 4562 1108 4631 in
1136 4584 1204 4655 qua
1228 4557 1382 4631 ordinate
1408 4557 1672 4630 conscribuntur
1699 4555 1808 4629 forms

313 4908 326 4934 ⁴
420 4825 426 4857 ¹
445 4822 936 4898 tts.98,tot.1v·;ms.qo.tot.2.
