4928 6382
660 554 747 642 loa
1243 546 1497 638 NOTlCES

396 750 622 767 ··“····“
659 733 844 802 litterarum
862 732 953 801 varie
971 742 1005 798 et
1021 727 1150 800 diverse
1165 728 1210 799 ad
1228 728 1402 799 citandum
1426 743 1485 800 aut
1510 727 1553 800 ad
1571 724 1777 823 capiendum
1797 746 1957 822 personas
1975 727 2089 823 culpa-

488 851 534 888 sn
659 851 743 921 biles
765 866 823 921 aut
840 863 1008 943 suspectas
1030 846 1073 916 de
1097 850 1239 919 crimine
1256 848 1399 929 heresis,
1423 862 1528 944 prout
1547 850 1646 943 exigit
1670 849 1812 918 varietas
1835 871 1894 917 seu
1915 846 2091 919 diversitas

434 943 590 1074 nssqspnu
661 987 719 1042 aut
742 972 882 1068 qualitas
904 985 1059 1040 reatuum
1081 983 1114 1039 et
1131 968 1320 1064 culparum.
1339 970 1426 1040 Item
1445 968 1555 1041 forme
1573 969 1762 1039 litterarum
1780 967 2034 1039 advocandum
2056 984 2090 1039 et

418 1131 536 1168 neuras
550 1131 604 1168 sur.
662 1091 918 1164 convocandum
935 1114 1097 1187 personas
1117 1095 1337 1162 neccessarias
1353 1090 1396 1162 ad
1414 1090 1629 1162 audiendum
1648 1088 1863 1161 diffinitivam
1882 1091 2089 1161 sentenciam

663 1229 720 1284 aut
732 1213 774 1284 ad
790 1211 1005 1283 tractandum
1025 1226 1058 1281 et
1076 1210 1306 1282 ordinandum
1331 1238 1369 1282 ea
1384 1211 1426 1283 de
1443 1211 1568 1308 quibus
1586 1216 1621 1281 in
1638 1210 1788 1307 generali
1805 1234 1961 1282 sermone
1979 1213 2089 1305 inqui·

661 1339 802 1405 sitorum
819 1332 989 1429 agendum
1006 1331 1106 1403 fuerit
1126 1347 1164 1403 ut
1180 1347 1231 1403 est
1247 1336 1362 1421 moris.

717 1456 841 1526 Forma
858 1457 1052 1525 communis
1071 1456 1254 1524 citacionis.

715 1575 839 1644 Forma
858 1573 1009 1669 specialis
1028 1572 1157 1644 citandi
1176 1573 1324 1669 aliquem
1351 1577 1640 1669 crucesignatum
1663 1577 1722 1669 qui
1745 1598 1862 1644 cruces
1885 1597 1955 1645 non
1980 1588 2092 1669 portat

664 1695 768 1768 modo
787 1710 820 1766 et
829 1694 936 1765 forma
954 1695 1079 1791 quibus
1098 1695 1208 1765 eidem
1221 1709 1300 1766 sunt
1314 1699 1471 1791 imposito
1487 1711 1520 1766 et
1535 1700 1697 1793 injuncte.

717 1819 841 1888 Forma
857 1817 920 1886 alia
935 1817 1088 1912 specialis
1103 1816 1229 1887 citandi
1241 1819 1392 1912 aliquem
1402 1843 1502 1889 cruce
1514 1822 1683 1912 signatum
1696 1819 1757 1913 qui
1773 1817 1899 1889 dicitur
1913 1815 2089 1913 aufugisse.

717 1939 840 2008 Littera
860 1938 1022 2033 generalis
1039 1937 1082 2009 ad
1100 1938 1305 2034 capiendum
1322 1938 1490 2035 perfectos
1507 1938 1675 2010 hereticos
1689 1953 1721 2008 et
1737 1938 1895 2010 famosos.

720 2060 844 2129 Forma
862 2058 1049 2129 litterarum
1072 2058 1115 2129 ad
1137 2059 1343 2153 capiendum
1365 2060 1517 2156 aliquem
1540 2058 1752 2131 diffamatum
1772 2059 1814 2130 de
1835 2059 1942 2130 heresi
1961 2059 2013 2130 vel
2036 2084 2092 2130 sn-

667 2195 832 2277 spectum.
1602 2192 1636 2281 '⁴

720 2301 844 2372 forma
861 2300 924 2369 alia
942 2299 985 2371 ad
1002 2300 1208 2398 capiendum
1226 2301 1393 2374 hereticos
1408 2327 1469 2373 seu
1481 2301 1675 2374 Valdenses.

721 2422 843 2491 forma
861 2420 1030 2492 scribendi
1049 2422 1091 2493 ad
1109 2422 1313 2518 capiendum
1331 2449 1493 2520 personas
1509 2449 1572 2520 per
1590 2424 1739 2521 aliquem
1756 2424 1798 2495 ad
1821 2424 1888 2495 hoc
1906 2425 2093 2520 specialiter

669 2542 879 2637 deputatum.

722 2665 846 2736 Fumea
864 2666 928 2736 alia
946 2666 1136 2763 generalior
1153 2682 1186 2737 et
1203 2670 1420 2738 communior
1441 2668 1485 2738 ad
1507 2690 1671 2763 personas
1692 2666 1879 2763 culpabiles
1902 2667 2091 2764 capiendas.

723 2786 847 2857 forma
865 2789 1058 2859 communis
1075 2786 1118 2858 ad
1137 2787 1313 2859 citandum
1329 2787 1487 2885 fugitivos
1510 2802 1543 2858 et
1566 2793 1701 2885 eosqui
1719 2793 1966 2860 contumaciter
1980 2813 2013 2858 se
2034 2788 2094 2858 ab·

672 2922 812 2978 sentent.

725 3028 847 3099 Forma
866 3033 1039 3102 citacionis
1056 3030 1203 3102 secunde
1218 3046 1336 3102 contre
1354 3029 1509 3128 fugitivos
1525 3057 1589 3128 pro
1604 3033 1711 3102 heresi
1720 3045 1752 3103 et
1766 3035 1801 3101 in
1816 3054 1914 3101 causa
1929 3029 2094 3100 fideicon-
2151 3114 2155 3121 ι

673 3163 835 3220 tumaces.

725 3271 848 3342 Forma
866 3273 928 3342 alia
946 3275 1098 3369 specialis
1115 3275 1241 3346 citandi
1258 3278 1410 3346 notorios
1427 3273 1597 3371 fugitivos.

725 3392 849 3463 forma
874 3399 1067 3466 communis
1093 3400 1260 3466 sentencie
1286 3399 1650 3467 excommunicacionis
1673 3409 1789 3466 contra
1813 3407 2032 3467 contumaces
2060 3397 2096 3462 in

673 3539 774 3583 causa
788 3513 869 3585 fidei
888 3529 921 3584 et
932 3540 997 3610 pro
1013 3515 1120 3586 heresi
1134 3516 1300 3611 fugitivos.

650 3698 654 3706 .
728 3635 851 3705 l'orma
869 3636 1020 3732 specialis
1034 3637 1160 3708 citandi
1178 3639 1276 3708 illum
1287 3642 1345 3735 qui
1363 3643 1539 3709 temerarie
1550 3639 1707 3735 deposuit
1716 3664 1833 3710 cruces
1849 3640 1990 3708 nomine
2002 3638 2097 3730 peni·

675 3759 782 3825 tencie
802 3754 865 3825 sibi
883 3760 1056 3853 impositas
1076 3773 1109 3830 et
1133 3758 1275 3855 aufugit,
1296 3763 1354 3857 qui
1375 3762 1476 3831 etiam
1496 3761 1670 3831 invenitur
1691 3761 1910 3857 pluraquam
1928 3756 2097 3829 confessus

675 3874 776 3946 fuerit
793 3881 827 3946 in
847 3877 956 3949 heresi
973 3884 1190 3951 commisisse.
2135 3866 2144 3878 ’

728 3997 851 4067 l'onua
868 4001 1186 4071 excommunicandi
1204 4017 1441 4073 contumacem
1457 4028 1497 4073 ac
1510 4002 1689 4098 fugitivum
1703 4006 1761 4099 qui
1774 4027 1891 4072 cruces
1905 3999 1968 4070 sibi
1986 4004 2098 4094 impo-

676 4122 754 4187 sitas
771 4117 944 4212 deposuit,
964 4135 997 4191 et
1013 4125 1131 4192 citatus
1143 4126 1305 4193 canonice
1323 4149 1394 4194 non
1412 4127 1603 4218 comparuit
1621 4138 1710 4193 certa
1730 4123 1795 4193 die.

727 4242 852 4311 Forma
867 4246 1034 4314 citationis
1051 4242 1269 4338 fugitivorum
1284 4270 1348 4338 pro
1365 4244 1492 4325 heresi,
1509 4243 1552 4314 ad
1566 4243 1777 4314 audiendum
1796 4242 2008 4314 diffinitivam
2026 4268 2097 4312 sen·

677 4367 821 4433 teuciam
834 4378 1020 4459 postquam
1038 4390 1100 4459 per
1118 4391 1248 4436 annum
1267 4369 1418 4435 steterint
1436 4367 1718 4436 excommunicati
1734 4367 1851 4436 animo
1868 4366 2047 4460 pertinaci.

729 4484 1088 4556 Formadenunciandi
1104 4490 1434 4557 excommunicatum
1444 4510 1520 4558 esse
1538 4486 1718 4581 fugitivum
1733 4485 1775 4556 de
1788 4511 1904 4565 muro,
1918 4499 2100 4580 postquam

679 4603 784 4675 luerat
802 4631 865 4700 per
884 4610 1090 4678 sentenciam
1113 4610 1335 4690 immuratus‚
1361 4634 1494 4679 necnon
1513 4608 1637 4678 citandi
1663 4612 1790 4703 ipsum,
1816 4622 1853 4679 ut
1874 4608 2101 4702 peremptorie

677 4740 871 4819 compareat
886 4741 974 4796 certa
993 4726 1057 4797 die.

730 4845 852 4916 Forma
878 4847 1002 4917 citandi
1023 4849 1169 4944 aliquem
1188 4854 1247 4944 qui
1268 4849 1396 4945 aufugit
1420 4849 1463 4919 de
1482 4875 1584 4921 muro
1606 4853 1729 4946 inquo
1751 4847 1963 4921 detinebatur
1985 4845 2100 4917 medio
