4928 6382
687 519 774 606 {120
1272 517 1528 606 NOTlCES

685 704 787 780 simo,
806 723 896 768 anno
914 722 995 767 vero
1015 701 1181 792 ingressus
1198 699 1249 767 sui
1268 695 1311 768 ad
1330 697 1528 792 religionem
1545 697 1702 768 Fratrum
1719 697 1893 768 Minorum
1913 698 2107 781 xxxvltr,

685 825 744 916 qui
763 819 826 890 luit
843 817 1007 891 oriundus
1030 817 1072 888 de
1092 817 1227 889 castello
1247 817 1444 899 Serinhani,
1463 817 1560 913 quod
1578 844 1640 914 per
1657 819 1787 889 miliare
1808 819 1908 890 distat
1926 846 1945 890 a
1963 825 2050 893 mari
2074 825 2108 893 in

457 909 615 1040 ”lxm
686 942 818 1038 dyocesi
839 941 1052 1018 Bitterrensi‚
1071 941 1170 1034 cujus
1187 942 1446 1010 sacratissimum
1465 963 1588 1034 corpus
1607 943 1640 1010 in
1663 940 1818 1010 Fratrum
1838 942 2014 1012 Minorum
2029 943 2109 1014 Nar·

440 1098 559 1135 semron
574 1097 627 1136 eur.
685 1063 827 1132 bonensi
842 1059 979 1129 ecclesia
990 1062 1025 1128 in
1038 1058 1153 1129 medio
1164 1059 1259 1130 chori
1268 1059 1506 1132 venerabiliter
1515 1064 1709 1156 requiescit,
1724 1065 1821 1157 cujus
1833 1066 1896 1134 viri
1910 1067 2108 1134 sanctissimi

686 1182 880 1254 mirandum
906 1207 965 1251 sue
992 1184 1221 1253 conversionis
1249 1206 1465 1278 progressum
1496 1181 1799 1276 perfectissimum,
1829 1207 1964 1255 necnon
1990 1199 2023 1253 et
2050 1211 2109 1255 sue

684 1306 946 1374 conversationis
963 1300 1068 1371 finem
1085 1301 1363 1397 gloriosissimum
1381 1303 1503 1372 melius
1521 1300 1593 1373 lore
1606 1302 1726 1398 judico
1741 1328 1834 1374 sacro
1853 1304 1991 1377 silencio
2008 1332 2110 1376 vene·

513 817 558 852 uss

684 1424 830 1495 randum
843 1449 948 1519 quam
963 1422 1175 1495 mordacium
1187 1449 1312 1493 canum
1327 1422 1499 1494 latratibus
1514 1449 1680 1520 exponere
1696 1425 1978 1496 conculcandum.
1995 1426 2108 1495 Unum

683 1560 798 1615 autem
832 1544 1149 1639 pretermittendum
1180 1570 1250 1615 non
1278 1559 1361 1640 puto
1390 1544 1485 1640 quod
1515 1544 1625 1616 dictus
1657 1559 1751 1640 pater
1776 1546 1991 1627 venerabilis,
2020 1550 2109 1616 cirea

683 1665 788 1736 linem
811 1669 861 1735 sui
883 1669 1059 1746 transitus,
1081 1680 1157 1759 post
1178 1690 1306 1735 sacram
1326 1668 1561 1736 inunctionem
1581 1680 1769 1761 receptam,
1793 1681 1919 1737 astante
1941 1666 2005 1737 sibi
2027 1692 2108 1737 con·

682 1802 786 1889 ventu
811 1787 968 1857 Fratrum
991 1786 1165 1857 Minorum
1187 1786 1361 1867 Narbone,
1389 1786 1471 1857 dixit
1492 1801 1600 1859 totam
1621 1791 1801 1858 scienciam
1819 1814 1915 1859 suam
1936 1814 1998 1882 per
2023 1788 2107 1859 infu-

684 1913 814 1978 sionem
836 1912 1001 2003 recepisse
1021 1936 1039 1978 a
1062 1907 1153 1990 Deo,
1178 1923 1211 1977 et
1231 1908 1374 1978 Parisius
1396 1912 1430 1977 in
1450 1909 1586 1979 ecclesia
1605 1909 1688 1980 hora
1708 1913 1811 1979 tercia
1829 1909 1940 1981 subito
1959 1909 2107 1981 sciuisse

684 2030 912 2101 illuminatum
931 2056 949 2099 a
966 2030 1117 2101 Domino
1132 2029 1237 2100 Jhesu
1253 2029 1426 2101 Christos»

736 2152 807 2222 llec
834 2155 869 2220 in
899 2150 1051 2244 predicto
1081 2149 1233 2221 libellulo
1266 2154 1493 2233 continentur,
1525 2178 1592 2247 que
1623 2151 1764 2248 bequini
1793 2168 1826 2223 et
1852 2153 2000 2249 bequine
2028 2178 2108 2223 cum

684 2297 805 2366 magna
823 2271 1004 2343 devotione
1022 2271 1138 2367 legunt
1156 2286 1190 2343 et
1203 2272 1268 2368 legi
1286 2271 1430 2343 audiunt
1446 2275 1481 2341 in
1499 2276 1567 2342 suis
1584 2273 1828 2345 conventiculis
1844 2298 1907 2369 pro
1927 2276 1998 2368 ejus
2015 2299 2109 2344 reve·

684 2397 810 2475 rencia,
836 2407 868 2462 et
888 2392 1032 2464 credunt
1052 2397 1193 2465 omnino
1217 2397 1332 2465 omnia
1351 2419 1430 2465 vera
1453 2419 1534 2464 esse.
1557 2394 1635 2464 Fuit
1655 2409 1770 2465 autem
1790 2420 1913 2489 corpus
1937 2398 2008 2490 ejus
2028 2393 2107 2465 inde

685 2530 868 2585 extractum
887 2530 920 2585 et
942 2514 1021 2584 alibi
1038 2529 1212 2610 portatum
1230 2531 1264 2587 et
1281 2514 1516 2586 absconditum
1535 2516 1598 2585 sub
1615 2542 1704 2586 anno
1720 2515 1860 2586 Domini
1880 2525 1915 2589 n⁰
1926 2525 2106 2595 cedrusi,

684 2636 744 2707 sed
771 2635 830 2707 ubi
853 2640 935 2706 sita
963 2636 1117 2731 pluribus
1137 2636 1320 2716 dubitatur,
1346 2651 1379 2707 et
1401 2636 1523 2709 diversi
1547 2636 1674 2709 diversa
1698 2641 1787 2708 circa
1809 2637 1872 2708 hec
1897 2638 2056 2708 locuntur
2075 2650 2108 2706 et

683 2758 809 2829 dicunt.

1349 2976 1437 3047 XlX

868 3169 989 3214 serres
1007 3169 1131 3218 o¹svvo1
1151 3168 1209 3216 oss
1227 3168 1309 3214 osus
1326 3146 1506 3215 ensurisss
1523 3142 1655 3215 stains
1673 3167 1714 3214 ou
1734 3167 1918 3215 ssucroass

1220 3290 1260 3335 so
1280 3288 1359 3336 ears
1374 3289 1448 3337 rsus
1468 3290 1534 3339 xxn
1547 3268 1569 3335 ¹.

1264 3442 1314 3513 (ao
1325 3442 1415 3514 juillet
1432 3442 1525 3511 usas.)

733 3613 949 3683 Sanctissimo
968 3617 1003 3682 in
1019 3611 1154 3683 Christo
1171 3616 1257 3707 patri
1273 3613 1414 3683 domino
1429 3612 1596 3695 Joha'nni,
1615 3612 1725 3684 divina
1743 3611 1943 3707 providente
1961 3612 2108 3683 clemen·

683 3738 734 3804 cia
748 3748 861 3804 sancte
876 3733 1030 3804 Romane
1045 3759 1084 3805 ac
1098 3735 1294 3807 universalis
1310 3734 1449 3805 ecclesie
1462 3759 1599 3805 summo
1611 3732 1783 3829 pontifici,
1799 3733 1902 3804 frater
1916 3733 2107 3805 Bernartius

684 3855 866 3936 Gnidonis,
881 3855 945 3925 Dei
960 3869 993 3925 et
1008 3859 1080 3952 ejus
1090 3855 1272 3950 apostolice
1287 3859 1468 3927 sanctitatis
1481 3860 1584 3949 gratia
1598 3859 1775 3950 episcopus
1786 3854 2008 3938 lodovensis,
2023 3858 2108 3950 seip

683 4002 758 4046 sum
770 3975 951 4047 modicum
969 3974 1005 4046 id
1020 3975 1114 4071 quod
1130 3991 1196 4056 est,
1213 3975 1256 4047 ad
1276 3976 1396 4048 devota
1412 3975 1542 4072 pedum
1557 3976 1688 4057 oscula,
1705 4001 1784 4045 cum
1804 3974 1967 4072 obsequio
1986 3975 2107 4046 devote

683 4123 720 4167 ac
738 4096 851 4167 debite
872 4100 1047 4168 servitutis.
1064 4097 1237 4167 Primicias
1254 4097 1377 4168 laboris
1395 4097 1527 4168 dudum
1545 4096 1649 4167 michi
1664 4101 1813 4192 impositi
1832 4111 1864 4166 et
1887 4099 2029 4192 injuncti
2047 4123 2109 4192 per

682 4219 909 4290 venerabilem
927 4233 1059 4314 patrem
1080 4218 1261 4290 dominum
1283 4219 1538 4313 Berengarium,
1562 4233 1644 4288 tunc
1664 4223 1862 4315 magistrum
1882 4217 2009 4289 ordinis
2031 4218 2108 4288 Fra-

682 4355 773 4409 trum
793 4338 1062 4420 predicatorum,
1084 4365 1175 4410 nunc
1192 4365 1273 4411 vero
1293 4344 1397 4436 gratia
1415 4340 1479 4411 Dei
1504 4366 1542 4411 ac
1561 4356 1669 4412 vestra
1690 4340 1980 4435 archiepiscopum
2004 4340 2108 4411 Com·

683 4461 923 4557 postellanum‚
953 4466 1038 4532 circa
1066 4486 1151 4555 opus
1180 4460 1315 4557 Speculi
1342 4463 1554 4545 sanctoralis,
1582 4466 1661 4558 jure
1688 4460 1784 4533 vobis
1811 4460 1918 4532 offero
1943 4476 2107 4557 tanqtmm

683 4610 817 4653 summo
835 4587 979 4679 principi
998 4582 1230 4663 sacerdotum,
1251 4588 1381 4679 priores
1400 4584 1556 4657 videlicet
1573 4598 1683 4680 partes
1704 4583 1787 4655 duas
1806 4583 1959 4679 ejusdem
1980 4585 2106 4678 operis,

722 4855 729 4884 ¹
749 4851 850 4911 Leblte.
866 4853 935 4906 Nova
949 4851 1104 4913 bibliotheca,
1118 4854 1157 4913 ll,
1173 4853 1236 4908 513.
