<?xml version="1.0" encoding="UTF-8"?>
<!DOCTYPE html PUBLIC "-//W3C//DTD XHTML 1.0 Transitional//EN"
    "http://www.w3.org/TR/xhtml1/DTD/xhtml1-transitional.dtd">
<html xmlns="http://www.w3.org/1999/xhtml" xml:lang="en" lang="en">
 <head>
  <title>
</title>
<meta http-equiv="Content-Type" content="text/html;charset=utf-8" />
  <meta name='ocr-system' content='tesseract 3.04.00' />
  <meta name='ocr-capabilities' content='ocr_page ocr_carea ocr_par ocr_line ocrx_word'/>
</head>
<body>
  <div class='ocr_page' id='page_1' title='image "./noticesurlesman00deligoog_0017.png"; bbox 0 0 4924 6386; ppageno 0'>
   <div class='ocr_carea' id='block_1_1' title="bbox 831 556 1369 645">
    <p class='ocr_par' dir='ltr' id='par_1_1' title="bbox 831 556 1369 645">
     <span class='ocr_line' id='line_1_1' title="bbox 831 556 1369 645; baseline -0.006 -1"><span class='ocrx_word' id='word_1_1' title='bbox 831 560 942 645; x_wconf 86' lang='lat' dir='ltr'><strong>DES</strong></span> <span class='ocrx_word' id='word_1_2' title='bbox 975 556 1369 644; x_wconf 83' lang='lat' dir='ltr'><strong>MANUSCRITS.</strong></span> 
     </span>
    </p>
   </div>
   <div class='ocr_carea' id='block_1_2' title="bbox 1726 562 1808 646">
    <p class='ocr_par' dir='ltr' id='par_1_2' title="bbox 1726 562 1808 646">
     <span class='ocr_line' id='line_1_2' title="bbox 1726 562 1808 646; baseline 0.024 -2"><span class='ocrx_word' id='word_1_3' title='bbox 1726 562 1808 646; x_wconf 82' lang='lat' dir='ltr'><strong>ltt</strong></span> 
     </span>
    </p>
   </div>
   <div class='ocr_carea' id='block_1_3' title="bbox 389 734 2086 1496">
    <p class='ocr_par' dir='ltr' id='par_1_3' title="bbox 389 734 2086 1496">
     <span class='ocr_line' id='line_1_3' title="bbox 390 734 1810 849; baseline -0.002 -31"><span class='ocrx_word' id='word_1_4' title='bbox 390 770 462 849; x_wconf 88' lang='lat' dir='ltr'><strong>que</strong></span> <span class='ocrx_word' id='word_1_5' title='bbox 485 740 725 848; x_wconf 87' lang='lat' dir='ltr'><strong>l&#39;lnquisition</strong></span> <span class='ocrx_word' id='word_1_6' title='bbox 742 738 873 815; x_wconf 75' lang='grc'><strong>6166611</strong></span> <span class='ocrx_word' id='word_1_7' title='bbox 892 745 911 813; x_wconf 75' lang='lat' dir='ltr'><strong>a</strong></span> <span class='ocrx_word' id='word_1_8' title='bbox 933 737 1032 814; x_wconf 90' lang='lat' dir='ltr'><strong>avoir</strong></span> <span class='ocrx_word' id='word_1_9' title='bbox 1049 738 1168 813; x_wconf 86' lang='lat' dir='ltr'><strong>raison</strong></span> <span class='ocrx_word' id='word_1_10' title='bbox 1191 734 1257 812; x_wconf 88' lang='lat' dir='ltr'><strong>des</strong></span> <span class='ocrx_word' id='word_1_11' title='bbox 1272 734 1454 811; x_wconf 88' lang='lat' dir='ltr'><strong>habitants</strong></span> <span class='ocrx_word' id='word_1_12' title='bbox 1476 735 1522 811; x_wconf 97' lang='grc'><strong>(16</strong></span> <span class='ocrx_word' id='word_1_13' title='bbox 1549 735 1810 829; x_wconf 89' lang='lat' dir='ltr'><strong>Carcassonne,</strong></span> 
     </span>
     <span class='ocr_line' id='line_1_4' title="bbox 389 862 1812 979; baseline -0.001 -31"><span class='ocrx_word' id='word_1_14' title='bbox 389 874 454 979; x_wconf 89' lang='lat' dir='ltr'><strong>qui</strong></span> <span class='ocrx_word' id='word_1_15' title='bbox 472 862 597 950; x_wconf 83' lang='grc'><strong>1166661</strong></span> <span class='ocrx_word' id='word_1_16' title='bbox 613 870 851 955; x_wconf 76' lang='lat' dir='ltr'><strong>condamnls,</strong></span> <span class='ocrx_word' id='word_1_17' title='bbox 873 898 919 945; x_wconf 90' lang='lat' dir='ltr'><strong>au</strong></span> <span class='ocrx_word' id='word_1_18' title='bbox 941 870 1036 945; x_wconf 90' lang='lat' dir='ltr'><strong>mois</strong></span> <span class='ocrx_word' id='word_1_19' title='bbox 1052 866 1238 944; x_wconf 86' lang='lat' dir='ltr'><strong>d&#39;octobre</strong></span> <span class='ocrx_word' id='word_1_20' title='bbox 1265 895 1385 969; x_wconf 64' lang='lat'><strong>3299,</strong></span> <span class='ocrx_word' id='word_1_21' title='bbox 1406 874 1426 941; x_wconf 83' lang='grc'><strong>1</strong></span> <span class='ocrx_word' id='word_1_22' title='bbox 1444 865 1541 942; x_wconf 77' lang='grc'><strong>161116</strong></span> <span class='ocrx_word' id='word_1_23' title='bbox 1557 896 1629 944; x_wconf 89' lang='lat' dir='ltr'><strong>une</strong></span> <span class='ocrx_word' id='word_1_24' title='bbox 1647 867 1812 976; x_wconf 82' lang='lat' dir='ltr'>chapelle</span> 
     </span>
     <span class='ocr_line' id='line_1_5' title="bbox 390 997 1813 1081; baseline -0.004 -1"><span class='ocrx_word' id='word_1_25' title='bbox 390 1033 437 1080; x_wconf 93' lang='lat' dir='ltr'><strong>en</strong></span> <span class='ocrx_word' id='word_1_26' title='bbox 454 1002 649 1081; x_wconf 88' lang='lat' dir='ltr'><strong>l&#39;honneur</strong></span> <span class='ocrx_word' id='word_1_27' title='bbox 664 1003 711 1078; x_wconf 90' lang='lat' dir='ltr'><strong>de</strong></span> <span class='ocrx_word' id='word_1_28' title='bbox 732 1002 826 1078; x_wconf 83' lang='lat' dir='ltr'><strong>saint</strong></span> <span class='ocrx_word' id='word_1_29' title='bbox 847 1000 960 1076; x_wconf 92' lang='lat' dir='ltr'><strong>Louis</strong></span> <span class='ocrx_word' id='word_1_30' title='bbox 977 999 1067 1076; x_wconf 86' lang='lat' dir='ltr'><strong>dans</strong></span> <span class='ocrx_word' id='word_1_31' title='bbox 1080 997 1113 1076; x_wconf 93' lang='lat' dir='ltr'><strong>le</strong></span> <span class='ocrx_word' id='word_1_32' title='bbox 1132 1014 1289 1074; x_wconf 87' lang='lat' dir='ltr'><strong>couvent</strong></span> <span class='ocrx_word' id='word_1_33' title='bbox 1304 997 1369 1074; x_wconf 90' lang='lat' dir='ltr'><strong>des</strong></span> <span class='ocrx_word' id='word_1_34' title='bbox 1383 997 1633 1076; x_wconf 89' lang='lat' dir='ltr'><strong>Dominicains</strong></span> <span class='ocrx_word' id='word_1_35' title='bbox 1649 1001 1696 1075; x_wconf 91' lang='lat' dir='ltr'><strong>de</strong></span> <span class='ocrx_word' id='word_1_36' title='bbox 1709 1002 1813 1077; x_wconf 87' lang='lat' dir='ltr'><strong>Tou-</strong></span> 
     </span>
     <span class='ocr_line' id='line_1_6' title="bbox 390 1116 2086 1232; baseline -0.002 -23"><span class='ocrx_word' id='word_1_37' title='bbox 390 1133 505 1211; x_wconf 91' lang='lat' dir='ltr'><strong>louse.</strong></span> <span class='ocrx_word' id='word_1_38' title='bbox 525 1134 613 1211; x_wconf 84' lang='lat' dir='ltr'><strong>Ace</strong></span> <span class='ocrx_word' id='word_1_39' title='bbox 629 1142 751 1208; x_wconf 75' lang='lat' dir='ltr'><strong>meme</strong></span> <span class='ocrx_word' id='word_1_40' title='bbox 773 1146 955 1217; x_wconf 84' lang='lat' dir='ltr'>moment,</span> <span class='ocrx_word' id='word_1_41' title='bbox 978 1127 1012 1205; x_wconf 91' lang='lat' dir='ltr'><strong>le</strong></span> <span class='ocrx_word' id='word_1_42' title='bbox 1035 1131 1059 1215; x_wconf 78' lang='grc'><strong>16</strong></span> <span class='ocrx_word' id='word_1_43' title='bbox 1076 1128 1226 1205; x_wconf 89' lang='lat' dir='ltr'><strong>octobre</strong></span> <span class='ocrx_word' id='word_1_44' title='bbox 1248 1156 1369 1232; x_wconf 81' lang='lat'><strong>1299,</strong></span> <span class='ocrx_word' id='word_1_45' title='bbox 1391 1128 1418 1204; x_wconf 96' lang='lat' dir='ltr'><strong>il</strong></span> <span class='ocrx_word' id='word_1_46' title='bbox 1435 1129 1559 1205; x_wconf 89' lang='lat' dir='ltr'><strong>rendit</strong></span> <span class='ocrx_word' id='word_1_47' title='bbox 1578 1128 1630 1205; x_wconf 91' lang='lat' dir='ltr'><strong>les</strong></span> <span class='ocrx_word' id='word_1_48' title='bbox 1649 1131 1813 1207; x_wconf 87' lang='lat' dir='ltr'><strong>derniers</strong></span> <span class='ocrx_word' id='word_1_49' title='bbox 1871 1142 1988 1179; x_wconf 59' lang='lat' dir='ltr'><strong>¹³⁸¹¹³t¹¹⁰</strong></span> <span class='ocrx_word' id='word_1_50' title='bbox 2004 1143 2057 1179; x_wconf 73' lang='lat'><strong>⁰⁰¹·</strong></span> <span class='ocrx_word' id='word_1_51' title='bbox 2081 1116 2086 1125; x_wconf 41' lang='lat'><strong>⁴</strong></span> 
     </span>
     <span class='ocr_line' id='line_1_7' title="bbox 391 1259 1810 1365; baseline -0.002 -26"><span class='ocrx_word' id='word_1_52' title='bbox 391 1264 534 1342; x_wconf 89' lang='lat' dir='ltr'><strong>devoirs</strong></span> <span class='ocrx_word' id='word_1_53' title='bbox 557 1272 577 1339; x_wconf 81' lang='grc'><strong>1</strong></span> <span class='ocrx_word' id='word_1_54' title='bbox 602 1262 765 1341; x_wconf 89' lang='lat' dir='ltr'><strong>Bernard</strong></span> <span class='ocrx_word' id='word_1_55' title='bbox 793 1261 840 1337; x_wconf 90' lang='lat' dir='ltr'><strong>de</strong></span> <span class='ocrx_word' id='word_1_56' title='bbox 865 1262 1050 1347; x_wconf 76' lang='grc'><strong>1666666,</strong></span> <span class='ocrx_word' id='word_1_57' title='bbox 1081 1259 1207 1365; x_wconf 90' lang='lat' dir='ltr'><strong>prieur</strong></span> <span class='ocrx_word' id='word_1_58' title='bbox 1232 1259 1284 1335; x_wconf 91' lang='lat' dir='ltr'><strong>du</strong></span> <span class='ocrx_word' id='word_1_59' title='bbox 1308 1265 1514 1335; x_wconf 79' lang='lat' dir='ltr'><strong>monestere</strong></span> <span class='ocrx_word' id='word_1_60' title='bbox 1540 1259 1587 1335; x_wconf 92' lang='lat' dir='ltr'><strong>de</strong></span> <span class='ocrx_word' id='word_1_61' title='bbox 1611 1261 1810 1337; x_wconf 88' lang='lat' dir='ltr'><strong>Prouille¹.</strong></span> 
     </span>
     <span class='ocr_line' id='line_1_8' title="bbox 389 1388 1814 1496; baseline -0.001 -27"><span class='ocrx_word' id='word_1_62' title='bbox 389 1394 523 1471; x_wconf 75' lang='grc'><strong>1161666</strong></span> <span class='ocrx_word' id='word_1_63' title='bbox 541 1394 588 1470; x_wconf 94' lang='lat' dir='ltr'><strong>de</strong></span> <span class='ocrx_word' id='word_1_64' title='bbox 602 1421 661 1493; x_wconf 84' lang='grc'><strong>666</strong></span> <span class='ocrx_word' id='word_1_65' title='bbox 678 1391 860 1468; x_wconf 81' lang='lat' dir='ltr'><strong>fonctions</strong></span> <span class='ocrx_word' id='word_1_66' title='bbox 879 1390 925 1466; x_wconf 89' lang='grc'><strong>(16</strong></span> <span class='ocrx_word' id='word_1_67' title='bbox 948 1390 1074 1496; x_wconf 84' lang='lat' dir='ltr'>prieur</span> <span class='ocrx_word' id='word_1_68' title='bbox 1091 1389 1138 1463; x_wconf 91' lang='lat' dir='ltr'><strong>de</strong></span> <span class='ocrx_word' id='word_1_69' title='bbox 1158 1389 1402 1466; x_wconf 87' lang='lat' dir='ltr'><strong>Carcassonne</strong></span> <span class='ocrx_word' id='word_1_70' title='bbox 1419 1417 1464 1464; x_wconf 92' lang='lat' dir='ltr'><strong>en</strong></span> <span class='ocrx_word' id='word_1_71' title='bbox 1482 1388 1606 1493; x_wconf 90' lang='lat' dir='ltr'><strong>juillet</strong></span> <span class='ocrx_word' id='word_1_72' title='bbox 1632 1395 1728 1470; x_wconf 85' lang='grc'><strong>6366</strong></span> <span class='ocrx_word' id='word_1_73' title='bbox 1744 1399 1768 1481; x_wconf 67' lang='lat'><strong>2,</strong></span> <span class='ocrx_word' id='word_1_74' title='bbox 1787 1392 1814 1468; x_wconf 91' lang='lat' dir='ltr'><strong>il</strong></span> 
     </span>
    </p>
   </div>
   <div class='ocr_carea' id='block_1_4' title="bbox 391 1502 1812 1630">
    <p class='ocr_par' dir='ltr' id='par_1_4' title="bbox 391 1502 1812 1630">
     <span class='ocr_line' id='line_1_9' title="bbox 391 1502 1812 1630; baseline 0 -30"><span class='ocrx_word' id='word_1_75' title='bbox 391 1525 511 1603; x_wconf 91' lang='grc'><strong>(166611</strong></span> <span class='ocrx_word' id='word_1_76' title='bbox 527 1523 727 1630; x_wconf 90' lang='lat' dir='ltr'><strong>reprendre</strong></span> <span class='ocrx_word' id='word_1_77' title='bbox 745 1522 834 1599; x_wconf 86' lang='lat' dir='ltr'><strong>dans</strong></span> <span class='ocrx_word' id='word_1_78' title='bbox 850 1540 945 1599; x_wconf 89' lang='lat' dir='ltr'><strong>cette</strong></span> <span class='ocrx_word' id='word_1_79' title='bbox 964 1521 1046 1597; x_wconf 87' lang='lat' dir='ltr'><strong>ville</strong></span> <span class='ocrx_word' id='word_1_80' title='bbox 1064 1502 1138 1598; x_wconf 77' lang='lat' dir='ltr'><strong>une</strong></span> <span class='ocrx_word' id='word_1_81' title='bbox 1153 1538 1235 1628; x_wconf 90' lang='lat' dir='ltr'><strong>part</strong></span> <span class='ocrx_word' id='word_1_82' title='bbox 1252 1522 1365 1599; x_wconf 83' lang='lat' dir='ltr'><strong>active</strong></span> <span class='ocrx_word' id='word_1_83' title='bbox 1385 1551 1454 1597; x_wconf 82' lang='lat' dir='ltr'><strong>aux</strong></span> <span class='ocrx_word' id='word_1_84' title='bbox 1470 1521 1649 1599; x_wconf 82' lang='lat' dir='ltr'><strong>exercices</strong></span> <span class='ocrx_word' id='word_1_85' title='bbox 1667 1520 1812 1600; x_wconf 75' lang='lat' dir='ltr'><strong>theolo-</strong></span> 
     </span>
    </p>
   </div>
   <div class='ocr_carea' id='block_1_5' title="bbox 387 1761 1064 3390">
    <p class='ocr_par' dir='ltr' id='par_1_5' title="bbox 387 1761 1064 3390">
     <span class='ocr_line' id='line_1_10' title="bbox 390 1761 1061 1847; baseline -0.006 -22"><span class='ocrx_word' id='word_1_86' title='bbox 390 1774 547 1825; x_wconf 89' lang='lat' dir='ltr'><strong>memorato</strong></span> <span class='ocrx_word' id='word_1_87' title='bbox 563 1784 617 1847; x_wconf 81' lang='lat' dir='ltr'><strong>ego</strong></span> <span class='ocrx_word' id='word_1_88' title='bbox 630 1763 715 1823; x_wconf 83' lang='lat' dir='ltr'><strong>frater</strong></span> <span class='ocrx_word' id='word_1_89' title='bbox 731 1761 893 1824; x_wconf 87' lang='lat' dir='ltr'><strong>Bernardns</strong></span> <span class='ocrx_word' id='word_1_90' title='bbox 906 1762 1061 1829; x_wconf 84' lang='lat' dir='ltr'><strong>Gnidonis,</strong></span> 
     </span>
     <span class='ocr_line' id='line_1_11' title="bbox 389 1865 1064 1949; baseline -0.003 -21"><span class='ocrx_word' id='word_1_91' title='bbox 389 1867 602 1928; x_wconf 88' lang='lat' dir='ltr'><strong>Lemovicensis</strong></span> <span class='ocrx_word' id='word_1_92' title='bbox 617 1866 757 1949; x_wconf 81' lang='lat' dir='ltr'><strong>dyocesis.</strong></span> <span class='ocrx_word' id='word_1_93' title='bbox 771 1865 825 1927; x_wconf 83' lang='lat' dir='ltr'><strong>Fui</strong></span> <span class='ocrx_word' id='word_1_94' title='bbox 837 1877 931 1927; x_wconf 85' lang='lat' dir='ltr'><strong>autern</strong></span> <span class='ocrx_word' id='word_1_95' title='bbox 947 1865 1064 1926; x_wconf 87' lang='lat' dir='ltr'><strong>transla-</strong></span> 
     </span>
     <span class='ocr_line' id='line_1_12' title="bbox 389 1969 1064 2054; baseline -0.003 -24"><span class='ocrx_word' id='word_1_96' title='bbox 389 1982 434 2030; x_wconf 91' lang='lat' dir='ltr'><strong>tus</strong></span> <span class='ocrx_word' id='word_1_97' title='bbox 450 1970 487 2031; x_wconf 89' lang='lat' dir='ltr'><strong>de</strong></span> <span class='ocrx_word' id='word_1_98' title='bbox 507 1970 634 2054; x_wconf 82' lang='lat' dir='ltr'><strong>prioratu</strong></span> <span class='ocrx_word' id='word_1_99' title='bbox 647 1969 791 2037; x_wconf 88' lang='lat' dir='ltr'><strong>Albiensi,</strong></span> <span class='ocrx_word' id='word_1_100' title='bbox 811 1971 840 2028; x_wconf 93' lang='lat' dir='ltr'><strong>in</strong></span> <span class='ocrx_word' id='word_1_101' title='bbox 856 1991 914 2051; x_wconf 92' lang='lat' dir='ltr'><strong>quo</strong></span> <span class='ocrx_word' id='word_1_102' title='bbox 929 1980 1064 2051; x_wconf 86' lang='lat' dir='ltr'><strong>quartum</strong></span> 
     </span>
     <span class='ocr_line' id='line_1_13' title="bbox 390 2071 1064 2156; baseline -0.004 -23"><span class='ocrx_word' id='word_1_103' title='bbox 390 2085 457 2133; x_wconf 93' lang='lat' dir='ltr'><strong>tunc</strong></span> <span class='ocrx_word' id='word_1_104' title='bbox 476 2073 597 2155; x_wconf 78' lang='lat' dir='ltr'><strong>agebam</strong></span> <span class='ocrx_word' id='word_1_105' title='bbox 615 2095 739 2143; x_wconf 80' lang='lat' dir='ltr'><strong>annum,</strong></span> <span class='ocrx_word' id='word_1_106' title='bbox 759 2072 796 2132; x_wconf 91' lang='lat' dir='ltr'><strong>ad</strong></span> <span class='ocrx_word' id='word_1_107' title='bbox 817 2073 976 2156; x_wconf 89' lang='lat' dir='ltr'><strong>prioratum</strong></span> <span class='ocrx_word' id='word_1_108' title='bbox 998 2071 1064 2133; x_wconf 87' lang='lat' dir='ltr'><strong>Car·</strong></span> 
     </span>
     <span class='ocr_line' id='line_1_14' title="bbox 390 2174 1062 2259; baseline -0.006 -22"><span class='ocrx_word' id='word_1_109' title='bbox 390 2198 603 2245; x_wconf 89' lang='lat' dir='ltr'><strong>cassonensem,</strong></span> <span class='ocrx_word' id='word_1_110' title='bbox 630 2176 755 2238; x_wconf 80' lang='lat' dir='ltr'><strong>Sabbata</strong></span> <span class='ocrx_word' id='word_1_111' title='bbox 777 2186 842 2259; x_wconf 88' lang='lat' dir='ltr'><strong>post</strong></span> <span class='ocrx_word' id='word_1_112' title='bbox 862 2175 965 2235; x_wconf 87' lang='lat' dir='ltr'><strong>festum</strong></span> <span class='ocrx_word' id='word_1_113' title='bbox 988 2174 1062 2234; x_wconf 83' lang='lat' dir='ltr'><strong>beati</strong></span> 
     </span>
     <span class='ocr_line' id='line_1_15' title="bbox 389 2277 1063 2360; baseline -0.006 -20"><span class='ocrx_word' id='word_1_114' title='bbox 389 2281 533 2360; x_wconf 74' lang='lat' dir='ltr'><strong>Dyoniaii,</strong></span> <span class='ocrx_word' id='word_1_115' title='bbox 557 2278 743 2339; x_wconf 85' lang='lat' dir='ltr'><strong>confirmatus</strong></span> <span class='ocrx_word' id='word_1_116' title='bbox 759 2280 789 2338; x_wconf 91' lang='lat' dir='ltr'><strong>in</strong></span> <span class='ocrx_word' id='word_1_117' title='bbox 804 2277 978 2337; x_wconf 89' lang='lat' dir='ltr'><strong>monasterio</strong></span> <span class='ocrx_word' id='word_1_118' title='bbox 993 2278 1063 2337; x_wconf 92' lang='lat' dir='ltr'><strong>Pru-</strong></span> 
     </span>
     <span class='ocr_line' id='line_1_16' title="bbox 387 2380 1060 2462; baseline -0.003 -21"><span class='ocrx_word' id='word_1_119' title='bbox 387 2380 458 2442; x_wconf 87' lang='lat' dir='ltr'><strong>liani</strong></span> <span class='ocrx_word' id='word_1_120' title='bbox 472 2404 549 2442; x_wconf 91' lang='grc'><strong>6666</strong></span> <span class='ocrx_word' id='word_1_121' title='bbox 563 2383 681 2443; x_wconf 87' lang='lat' dir='ltr'><strong>Domini</strong></span> <span class='ocrx_word' id='word_1_122' title='bbox 695 2389 729 2441; x_wconf 76' lang='grc' dir='ltr'><strong>6ο</strong></span> <span class='ocrx_word' id='word_1_123' title='bbox 738 2389 784 2442; x_wconf 78' lang='grc'><strong>66”</strong></span> <span class='ocrx_word' id='word_1_124' title='bbox 799 2381 984 2462; x_wconf 83' lang='lat' dir='ltr'><strong>nonagesimo</strong></span> <span class='ocrx_word' id='word_1_125' title='bbox 997 2386 1060 2440; x_wconf 86' lang='lat' dir='ltr'><strong>vn⁰.</strong></span> 
     </span>
     <span class='ocr_line' id='line_1_17' title="bbox 389 2484 1061 2565; baseline -0.007 -19"><span class='ocrx_word' id='word_1_126' title='bbox 389 2486 497 2546; x_wconf 87' lang='lat' dir='ltr'><strong>Servivi</strong></span> <span class='ocrx_word' id='word_1_127' title='bbox 519 2495 614 2544; x_wconf 87' lang='lat' dir='ltr'><strong>autem</strong></span> <span class='ocrx_word' id='word_1_128' title='bbox 634 2484 808 2546; x_wconf 85' lang='lat' dir='ltr'><strong>Carcassone</strong></span> <span class='ocrx_word' id='word_1_129' title='bbox 827 2484 910 2543; x_wconf 91' lang='lat' dir='ltr'><strong>annis</strong></span> <span class='ocrx_word' id='word_1_130' title='bbox 930 2494 1061 2565; x_wconf 84' lang='lat' dir='ltr'><strong>quatuor,</strong></span> 
     </span>
     <span class='ocr_line' id='line_1_18' title="bbox 389 2583 1062 2673; baseline -0.004 -26"><span class='ocrx_word' id='word_1_131' title='bbox 389 2610 405 2647; x_wconf 90' lang='grc'><strong>6</strong></span> <span class='ocrx_word' id='word_1_132' title='bbox 423 2589 504 2671; x_wconf 85' lang='lat' dir='ltr'><strong>cujus</strong></span> <span class='ocrx_word' id='word_1_133' title='bbox 520 2609 609 2673; x_wconf 85' lang='lat' dir='ltr'><strong>pena,</strong></span> <span class='ocrx_word' id='word_1_134' title='bbox 631 2588 741 2647; x_wconf 90' lang='lat' dir='ltr'><strong>utinam</strong></span> <span class='ocrx_word' id='word_1_135' title='bbox 757 2587 849 2668; x_wconf 81' lang='lat' dir='ltr'><strong>magis</strong></span> <span class='ocrx_word' id='word_1_136' title='bbox 869 2608 886 2645; x_wconf 88' lang='grc'><strong>6</strong></span> <span class='ocrx_word' id='word_1_137' title='bbox 903 2583 1000 2668; x_wconf 86' lang='lat' dir='ltr'><strong>culpa,</strong></span> <span class='ocrx_word' id='word_1_138' title='bbox 1021 2584 1062 2645; x_wconf 92' lang='grc'><strong>161</strong></span> 
     </span>
     <span class='ocr_line' id='line_1_19' title="bbox 389 2687 1061 2774; baseline -0.006 -23"><span class='ocrx_word' id='word_1_139' title='bbox 389 2689 535 2751; x_wconf 87' lang='lat' dir='ltr'><strong>absolutus</strong></span> <span class='ocrx_word' id='word_1_140' title='bbox 562 2692 592 2749; x_wconf 89' lang='lat' dir='ltr'><strong>in</strong></span> <span class='ocrx_word' id='word_1_141' title='bbox 620 2688 744 2773; x_wconf 85' lang='lat' dir='ltr'><strong>capitulo</strong></span> <span class='ocrx_word' id='word_1_142' title='bbox 771 2687 939 2774; x_wconf 83' lang='lat' dir='ltr'><strong>provinciali</strong></span> <span class='ocrx_word' id='word_1_143' title='bbox 966 2687 1061 2770; x_wconf 81' lang='lat' dir='ltr'><strong>Agen-</strong></span> 
     </span>
     <span class='ocr_line' id='line_1_20' title="bbox 389 2790 1062 2874; baseline -0.003 -21"><span class='ocrx_word' id='word_1_144' title='bbox 389 2795 471 2854; x_wconf 88' lang='lat' dir='ltr'><strong>nensi</strong></span> <span class='ocrx_word' id='word_1_145' title='bbox 486 2795 516 2853; x_wconf 91' lang='lat' dir='ltr'><strong>in</strong></span> <span class='ocrx_word' id='word_1_146' title='bbox 530 2792 601 2853; x_wconf 88' lang='grc'><strong>16616</strong></span> <span class='ocrx_word' id='word_1_147' title='bbox 614 2793 696 2853; x_wconf 87' lang='lat' dir='ltr'><strong>beate</strong></span> <span class='ocrx_word' id='word_1_148' title='bbox 708 2793 795 2853; x_wconf 84' lang='grc'><strong>116616</strong></span> <span class='ocrx_word' id='word_1_149' title='bbox 809 2790 978 2874; x_wconf 75' lang='lat' dir='ltr'><strong>Magdalene</strong></span> <span class='ocrx_word' id='word_1_150' title='bbox 991 2790 1062 2852; x_wconf 89' lang='lat' dir='ltr'><strong>cele·</strong></span> 
     </span>
     <span class='ocr_line' id='line_1_21' title="bbox 388 2894 1061 2965; baseline -0.004 -8"><span class='ocrx_word' id='word_1_151' title='bbox 388 2897 484 2965; x_wconf 86' lang='grc'><strong>166616,</strong></span> <span class='ocrx_word' id='word_1_152' title='bbox 500 2896 565 2956; x_wconf 90' lang='lat' dir='ltr'><strong>data</strong></span> <span class='ocrx_word' id='word_1_153' title='bbox 575 2894 753 2956; x_wconf 84' lang='lat' dir='ltr'><strong>diffinicione</strong></span> <span class='ocrx_word' id='word_1_154' title='bbox 767 2896 796 2954; x_wconf 92' lang='lat' dir='ltr'><strong>in</strong></span> <span class='ocrx_word' id='word_1_155' title='bbox 812 2896 884 2955; x_wconf 88' lang='grc'><strong>16616</strong></span> <span class='ocrx_word' id='word_1_156' title='bbox 898 2906 1061 2954; x_wconf 88' lang='lat' dir='ltr'><strong>sanctorum</strong></span> 
     </span>
     <span class='ocr_line' id='line_1_22' title="bbox 387 2997 1061 3067; baseline -0.006 -8"><span class='ocrx_word' id='word_1_157' title='bbox 387 2999 492 3060; x_wconf 81' lang='lat' dir='ltr'><strong>Felicis</strong></span> <span class='ocrx_word' id='word_1_158' title='bbox 502 3010 531 3059; x_wconf 91' lang='lat' dir='ltr'><strong>et</strong></span> <span class='ocrx_word' id='word_1_159' title='bbox 543 2998 666 3059; x_wconf 80' lang='lat' dir='ltr'><strong>Adaucti</strong></span> <span class='ocrx_word' id='word_1_160' title='bbox 677 3000 842 3067; x_wconf 85' lang='lat' dir='ltr'><strong>martirum,</strong></span> <span class='ocrx_word' id='word_1_161' title='bbox 856 3020 933 3057; x_wconf 88' lang='lat' dir='ltr'><strong>anno</strong></span> <span class='ocrx_word' id='word_1_162' title='bbox 943 2997 1061 3058; x_wconf 88' lang='lat' dir='ltr'><strong>Domini</strong></span> 
     </span>
     <span class='ocr_line' id='line_1_23' title="bbox 389 3098 1060 3183; baseline -0.007 -20"><span class='ocrx_word' id='word_1_163' title='bbox 389 3110 423 3162; x_wconf 68' lang='grc' dir='ltr'><strong>κ’</strong></span> <span class='ocrx_word' id='word_1_164' title='bbox 438 3109 500 3163; x_wconf 70' lang='grc' dir='ltr'><strong>666ο</strong></span> <span class='ocrx_word' id='word_1_165' title='bbox 515 3111 547 3170; x_wconf 82' lang='lat'><strong>1⁰,</strong></span> <span class='ocrx_word' id='word_1_166' title='bbox 564 3103 614 3183; x_wconf 92' lang='lat' dir='ltr'><strong>qui</strong></span> <span class='ocrx_word' id='word_1_167' title='bbox 642 3102 781 3182; x_wconf 87' lang='lat' dir='ltr'><strong>premissa</strong></span> <span class='ocrx_word' id='word_1_168' title='bbox 809 3098 912 3182; x_wconf 85' lang='lat' dir='ltr'><strong>collegi</strong></span> <span class='ocrx_word' id='word_1_169' title='bbox 938 3110 967 3159; x_wconf 88' lang='lat' dir='ltr'><strong>et</strong></span> <span class='ocrx_word' id='word_1_170' title='bbox 993 3121 1060 3158; x_wconf 89' lang='grc'><strong>666-</strong></span> 
     </span>
     <span class='ocr_line' id='line_1_24' title="bbox 389 3201 1062 3289; baseline -0.004 -26"><span class='ocrx_word' id='word_1_171' title='bbox 389 3206 498 3289; x_wconf 80' lang='lat' dir='ltr'><strong>scripsi.</strong></span> <span class='ocrx_word' id='word_1_172' title='bbox 519 3203 685 3265; x_wconf 80' lang='lat' dir='ltr'><strong>Notandum</strong></span> <span class='ocrx_word' id='word_1_173' title='bbox 704 3203 752 3263; x_wconf 89' lang='lat' dir='ltr'><strong>hic</strong></span> <span class='ocrx_word' id='word_1_174' title='bbox 766 3204 886 3286; x_wconf 87' lang='lat' dir='ltr'><strong>posteris</strong></span> <span class='ocrx_word' id='word_1_175' title='bbox 900 3201 1062 3262; x_wconf 80' lang='lat' dir='ltr'><strong>incidenter</strong></span> 
     </span>
     <span class='ocr_line' id='line_1_25' title="bbox 388 3305 1061 3390; baseline -0.003 -23"><span class='ocrx_word' id='word_1_176' title='bbox 388 3306 467 3390; x_wconf 91' lang='lat' dir='ltr'><strong>quod</strong></span> <span class='ocrx_word' id='word_1_177' title='bbox 486 3308 573 3366; x_wconf 87' lang='lat' dir='ltr'><strong>etiam</strong></span> <span class='ocrx_word' id='word_1_178' title='bbox 586 3317 716 3390; x_wconf 86' lang='lat' dir='ltr'><strong>tempore</strong></span> <span class='ocrx_word' id='word_1_179' title='bbox 735 3328 801 3366; x_wconf 91' lang='lat' dir='ltr'><strong>meo</strong></span> <span class='ocrx_word' id='word_1_180' title='bbox 822 3305 949 3389; x_wconf 86' lang='lat' dir='ltr'><strong>predicta</strong></span> <span class='ocrx_word' id='word_1_181' title='bbox 969 3306 1061 3365; x_wconf 86' lang='lat' dir='ltr'><strong>rabies</strong></span> 
     </span>
    </p>
   </div>
   <div class='ocr_carea' id='block_1_6' title="bbox 388 3408 1059 3491">
    <p class='ocr_par' dir='ltr' id='par_1_6' title="bbox 388 3408 1059 3491">
     <span class='ocr_line' id='line_1_26' title="bbox 388 3408 1059 3491; baseline -0.003 -21"><span class='ocrx_word' id='word_1_182' title='bbox 388 3409 621 3470; x_wconf 86' lang='lat' dir='ltr'><strong>Carcassonensis</strong></span> <span class='ocrx_word' id='word_1_183' title='bbox 647 3408 742 3468; x_wconf 88' lang='lat' dir='ltr'><strong>adhuc</strong></span> <span class='ocrx_word' id='word_1_184' title='bbox 771 3410 893 3491; x_wconf 83' lang='lat' dir='ltr'><strong>graviter</strong></span> <span class='ocrx_word' id='word_1_185' title='bbox 927 3409 1059 3469; x_wconf 86' lang='lat' dir='ltr'><strong>seviebat.</strong></span> 
     </span>
    </p>
   </div>
   <div class='ocr_carea' id='block_1_7' title="bbox 290 3511 1061 3595">
    <p class='ocr_par' dir='ltr' id='par_1_7' title="bbox 290 3511 1061 3595">
     <span class='ocr_line' id='line_1_27' title="bbox 290 3511 1061 3595; baseline -0.005 -20"><span class='ocrx_word' id='word_1_186' title='bbox 290 3550 298 3566; x_wconf 90' lang='lat'><strong>·</strong></span> <span class='ocrx_word' id='word_1_187' title='bbox 387 3511 463 3574; x_wconf 83' lang='grc'><strong>11616</strong></span> <span class='ocrx_word' id='word_1_188' title='bbox 475 3534 543 3574; x_wconf 78' lang='lat' dir='ltr'><strong>vero</strong></span> <span class='ocrx_word' id='word_1_189' title='bbox 563 3534 619 3595; x_wconf 89' lang='lat' dir='ltr'><strong>que</strong></span> <span class='ocrx_word' id='word_1_190' title='bbox 641 3511 782 3572; x_wconf 83' lang='grc'><strong>1661616661</strong></span> <span class='ocrx_word' id='word_1_191' title='bbox 800 3512 1061 3572; x_wconf 78' lang='grc'><strong>61161666166116-</strong></span> 
     </span>
    </p>
   </div>
   <div class='ocr_carea' id='block_1_8' title="bbox 319 3614 1060 5041">
    <p class='ocr_par' dir='ltr' id='par_1_8' title="bbox 319 3614 1060 5041">
     <span class='ocr_line' id='line_1_28' title="bbox 387 3614 1060 3699; baseline -0.004 -22"><span class='ocrx_word' id='word_1_192' title='bbox 387 3617 535 3699; x_wconf 88' lang='lat' dir='ltr'><strong>quisitioni</strong></span> <span class='ocrx_word' id='word_1_193' title='bbox 545 3627 573 3676; x_wconf 86' lang='lat' dir='ltr'><strong>et</strong></span> <span class='ocrx_word' id='word_1_194' title='bbox 584 3615 719 3677; x_wconf 87' lang='lat' dir='ltr'><strong>fratribus</strong></span> <span class='ocrx_word' id='word_1_195' title='bbox 729 3616 867 3676; x_wconf 83' lang='grc'><strong>6166161616</strong></span> <span class='ocrx_word' id='word_1_196' title='bbox 878 3614 980 3675; x_wconf 88' lang='lat' dir='ltr'><strong>melius</strong></span> <span class='ocrx_word' id='word_1_197' title='bbox 990 3625 1060 3698; x_wconf 90' lang='lat' dir='ltr'><strong>puto</strong></span> 
     </span>
     <span class='ocr_line' id='line_1_29' title="bbox 386 3717 1058 3804; baseline -0.006 -24"><span class='ocrx_word' id='word_1_198' title='bbox 386 3718 434 3780; x_wconf 90' lang='grc'><strong>1616</strong></span> <span class='ocrx_word' id='word_1_199' title='bbox 459 3720 576 3780; x_wconf 87' lang='grc'><strong>66116666</strong></span> <span class='ocrx_word' id='word_1_200' title='bbox 598 3742 686 3802; x_wconf 87' lang='lat' dir='ltr'><strong>quam</strong></span> <span class='ocrx_word' id='word_1_201' title='bbox 713 3741 764 3804; x_wconf 91' lang='lat' dir='ltr'><strong>per</strong></span> <span class='ocrx_word' id='word_1_202' title='bbox 786 3717 897 3801; x_wconf 78' lang='lat' dir='ltr'><strong>singula</strong></span> <span class='ocrx_word' id='word_1_203' title='bbox 922 3718 1058 3784; x_wconf 85' lang='lat' dir='ltr'><strong>scribere,</strong></span> 
     </span>
     <span class='ocr_line' id='line_1_30' title="bbox 385 3821 1060 3907; baseline -0.006 -25"><span class='ocrx_word' id='word_1_204' title='bbox 385 3834 502 3907; x_wconf 89' lang='lat' dir='ltr'><strong>propter</strong></span> <span class='ocrx_word' id='word_1_205' title='bbox 514 3822 656 3883; x_wconf 89' lang='lat' dir='ltr'><strong>honorem</strong></span> <span class='ocrx_word' id='word_1_206' title='bbox 671 3821 877 3889; x_wconf 86' lang='lat' dir='ltr'><strong>multitudinis,</strong></span> <span class='ocrx_word' id='word_1_207' title='bbox 893 3843 949 3903; x_wconf 90' lang='lat' dir='ltr'><strong>que</strong></span> <span class='ocrx_word' id='word_1_208' title='bbox 964 3832 1060 3881; x_wconf 90' lang='lat' dir='ltr'><strong>tamen</strong></span> 
     </span>
     <span class='ocr_line' id='line_1_31' title="bbox 319 3922 1060 4009; baseline -0.005 -23"><span class='ocrx_word' id='word_1_209' title='bbox 319 3994 325 4005; x_wconf 37' lang='lat'><strong>¹</strong></span> <span class='ocrx_word' id='word_1_210' title='bbox 386 3927 507 3986; x_wconf 87' lang='lat' dir='ltr'><strong>omnino</strong></span> <span class='ocrx_word' id='word_1_211' title='bbox 523 3948 583 3985; x_wconf 91' lang='lat' dir='ltr'><strong>non</strong></span> <span class='ocrx_word' id='word_1_212' title='bbox 597 3936 710 4009; x_wconf 88' lang='lat' dir='ltr'><strong>poterat</strong></span> <span class='ocrx_word' id='word_1_213' title='bbox 726 3926 868 3992; x_wconf 79' lang='lat' dir='ltr'><strong>excusari,</strong></span> <span class='ocrx_word' id='word_1_214' title='bbox 888 3922 956 3983; x_wconf 90' lang='lat' dir='ltr'><strong>licet</strong></span> <span class='ocrx_word' id='word_1_215' title='bbox 977 3925 1006 3983; x_wconf 92' lang='lat' dir='ltr'><strong>in</strong></span> <span class='ocrx_word' id='word_1_216' title='bbox 1027 3945 1060 3983; x_wconf 88' lang='grc'><strong>66</strong></span> 
     </span>
     <span class='ocr_line' id='line_1_32' title="bbox 387 4026 1060 4112; baseline -0.006 -23"><span class='ocrx_word' id='word_1_217' title='bbox 387 4027 492 4089; x_wconf 85' lang='grc'><strong>1666161</strong></span> <span class='ocrx_word' id='word_1_218' title='bbox 505 4028 594 4112; x_wconf 82' lang='lat' dir='ltr'><strong>aliqui</strong></span> <span class='ocrx_word' id='word_1_219' title='bbox 608 4030 658 4111; x_wconf 93' lang='lat' dir='ltr'><strong>qui</strong></span> <span class='ocrx_word' id='word_1_220' title='bbox 677 4050 736 4087; x_wconf 93' lang='lat' dir='ltr'><strong>non</strong></span> <span class='ocrx_word' id='word_1_221' title='bbox 757 4026 975 4088; x_wconf 82' lang='lat' dir='ltr'><strong>consentiebant</strong></span> <span class='ocrx_word' id='word_1_222' title='bbox 996 4028 1060 4086; x_wconf 88' lang='lat' dir='ltr'><strong>acti-</strong></span> 
     </span>
     <span class='ocr_line' id='line_1_33' title="bbox 387 4129 1060 4213; baseline -0.003 -23"><span class='ocrx_word' id='word_1_223' title='bbox 387 4130 440 4191; x_wconf 87' lang='lat' dir='ltr'><strong>bus</strong></span> <span class='ocrx_word' id='word_1_224' title='bbox 452 4130 671 4213; x_wconf 78' lang='lat' dir='ltr'><strong>malignantium</strong></span> <span class='ocrx_word' id='word_1_225' title='bbox 688 4141 788 4213; x_wconf 78' lang='grc'><strong>666166</strong></span> <span class='ocrx_word' id='word_1_226' title='bbox 807 4130 920 4197; x_wconf 81' lang='lat' dir='ltr'><strong>iratres,</strong></span> <span class='ocrx_word' id='word_1_227' title='bbox 939 4132 989 4212; x_wconf 93' lang='lat' dir='ltr'><strong>qui</strong></span> <span class='ocrx_word' id='word_1_228' title='bbox 1008 4129 1060 4188; x_wconf 89' lang='grc'><strong>166-</strong></span> 
     </span>
     <span class='ocr_line' id='line_1_34' title="bbox 386 4231 1060 4315; baseline -0.003 -22"><span class='ocrx_word' id='word_1_229' title='bbox 386 4244 444 4293; x_wconf 87' lang='grc'><strong>1666</strong></span> <span class='ocrx_word' id='word_1_230' title='bbox 459 4233 552 4294; x_wconf 83' lang='grc'><strong>6661616</strong></span> <span class='ocrx_word' id='word_1_231' title='bbox 565 4244 593 4293; x_wconf 88' lang='grc'><strong>61</strong></span> <span class='ocrx_word' id='word_1_232' title='bbox 605 4234 693 4315; x_wconf 83' lang='lat' dir='ltr'><strong>signis</strong></span> <span class='ocrx_word' id='word_1_233' title='bbox 708 4233 913 4295; x_wconf 86' lang='lat' dir='ltr'><strong>deridebantur</strong></span> <span class='ocrx_word' id='word_1_234' title='bbox 928 4243 956 4292; x_wconf 88' lang='grc'><strong>61</strong></span> <span class='ocrx_word' id='word_1_235' title='bbox 971 4231 1060 4292; x_wconf 86' lang='lat' dir='ltr'><strong>deho-</strong></span> 
     </span>
     <span class='ocr_line' id='line_1_35' title="bbox 387 4336 1060 4419; baseline -0.001 -24"><span class='ocrx_word' id='word_1_236' title='bbox 387 4336 571 4396; x_wconf 74' lang='lat' dir='ltr'><strong>nectabantur</strong></span> <span class='ocrx_word' id='word_1_237' title='bbox 585 4338 748 4419; x_wconf 79' lang='lat' dir='ltr'><strong>sepissime,</strong></span> <span class='ocrx_word' id='word_1_238' title='bbox 761 4347 790 4396; x_wconf 90' lang='grc'><strong>61</strong></span> <span class='ocrx_word' id='word_1_239' title='bbox 799 4336 964 4397; x_wconf 83' lang='lat' dir='ltr'><strong>verberibus</strong></span> <span class='ocrx_word' id='word_1_240' title='bbox 977 4337 1060 4394; x_wconf 92' lang='lat' dir='ltr'><strong>inter-</strong></span> 
     </span>
     <span class='ocr_line' id='line_1_36' title="bbox 386 4437 1059 4521; baseline -0.001 -22"><span class='ocrx_word' id='word_1_241' title='bbox 386 4437 471 4506; x_wconf 90' lang='lat' dir='ltr'><strong>dum,</strong></span> <span class='ocrx_word' id='word_1_242' title='bbox 495 4447 523 4498; x_wconf 91' lang='lat' dir='ltr'><strong>et</strong></span> <span class='ocrx_word' id='word_1_243' title='bbox 540 4448 677 4519; x_wconf 84' lang='lat' dir='ltr'><strong>tanquam</strong></span> <span class='ocrx_word' id='word_1_244' title='bbox 700 4440 960 4499; x_wconf 85' lang='lat' dir='ltr'><strong>excommunicatos</strong></span> <span class='ocrx_word' id='word_1_245' title='bbox 982 4440 1059 4521; x_wconf 89' lang='lat' dir='ltr'><strong>ipsos</strong></span> 
     </span>
     <span class='ocr_line' id='line_1_37' title="bbox 386 4540 1059 4624; baseline 0 -24"><span class='ocrx_word' id='word_1_246' title='bbox 386 4541 485 4602; x_wconf 84' lang='grc'><strong>1661666</strong></span> <span class='ocrx_word' id='word_1_247' title='bbox 497 4562 514 4601; x_wconf 89' lang='grc'><strong>6</strong></span> <span class='ocrx_word' id='word_1_248' title='bbox 526 4563 577 4601; x_wconf 90' lang='grc'><strong>666</strong></span> <span class='ocrx_word' id='word_1_249' title='bbox 590 4541 795 4601; x_wconf 88' lang='lat' dir='ltr'><strong>communione</strong></span> <span class='ocrx_word' id='word_1_250' title='bbox 806 4551 834 4600; x_wconf 88' lang='grc'><strong>61</strong></span> <span class='ocrx_word' id='word_1_251' title='bbox 843 4540 1059 4624; x_wconf 85' lang='lat' dir='ltr'><strong>participatione</strong></span> 
     </span>
     <span class='ocr_line' id='line_1_38' title="bbox 385 4641 1059 4728; baseline -0.006 -22"><span class='ocrx_word' id='word_1_252' title='bbox 385 4643 667 4728; x_wconf 84' lang='lat' dir='ltr'><strong>penitusellecerant</strong></span> <span class='ocrx_word' id='word_1_253' title='bbox 684 4642 802 4704; x_wconf 87' lang='grc'><strong>6116666.</strong></span> <span class='ocrx_word' id='word_1_254' title='bbox 824 4641 887 4704; x_wconf 82' lang='lat' dir='ltr'><strong>Alia</strong></span> <span class='ocrx_word' id='word_1_255' title='bbox 908 4641 997 4725; x_wconf 90' lang='lat' dir='ltr'><strong>pudet</strong></span> <span class='ocrx_word' id='word_1_256' title='bbox 1015 4642 1059 4702; x_wconf 92' lang='lat' dir='ltr'><strong>di·</strong></span> 
     </span>
     <span class='ocr_line' id='line_1_39' title="bbox 386 4748 1056 4833; baseline -0.001 -26"><span class='ocrx_word' id='word_1_257' title='bbox 386 4769 458 4809; x_wconf 89' lang='lat' dir='ltr'><strong>cere.</strong></span> <span class='ocrx_word' id='word_1_258' title='bbox 471 4748 616 4816; x_wconf 80' lang='lat' dir='ltr'><strong>Tandem,</strong></span> <span class='ocrx_word' id='word_1_259' title='bbox 624 4758 777 4833; x_wconf 85' lang='lat' dir='ltr'><strong>postquam</strong></span> <span class='ocrx_word' id='word_1_260' title='bbox 789 4748 820 4806; x_wconf 88' lang='lat' dir='ltr'><strong>in</strong></span> <span class='ocrx_word' id='word_1_261' title='bbox 832 4756 952 4829; x_wconf 88' lang='grc'><strong>6166666</strong></span> <span class='ocrx_word' id='word_1_262' title='bbox 964 4748 1056 4814; x_wconf 84' lang='grc'><strong>66616,</strong></span> 
     </span>
     <span class='ocr_line' id='line_1_40' title="bbox 386 4849 1057 4919; baseline -0.003 -8"><span class='ocrx_word' id='word_1_263' title='bbox 386 4851 493 4912; x_wconf 85' lang='lat' dir='ltr'><strong>scilicet</strong></span> <span class='ocrx_word' id='word_1_264' title='bbox 514 4854 643 4913; x_wconf 79' lang='lat' dir='ltr'><strong>Romana</strong></span> <span class='ocrx_word' id='word_1_265' title='bbox 668 4862 696 4912; x_wconf 87' lang='lat' dir='ltr'><strong>et</strong></span> <span class='ocrx_word' id='word_1_266' title='bbox 715 4852 850 4919; x_wconf 84' lang='lat' dir='ltr'><strong>Francia,</strong></span> <span class='ocrx_word' id='word_1_267' title='bbox 870 4849 1057 4919; x_wconf 84' lang='lat' dir='ltr'><strong>decidissent,</strong></span> 
     </span>
     <span class='ocr_line' id='line_1_41' title="bbox 386 4952 1057 5041; baseline 0.001 -28"><span class='ocrx_word' id='word_1_268' title='bbox 386 4956 515 5039; x_wconf 83' lang='lat' dir='ltr'><strong>expensis</strong></span> <span class='ocrx_word' id='word_1_269' title='bbox 528 4956 606 5041; x_wconf 91' lang='lat' dir='ltr'><strong>prins</strong></span> <span class='ocrx_word' id='word_1_270' title='bbox 620 4978 679 5016; x_wconf 92' lang='lat' dir='ltr'><strong>non</strong></span> <span class='ocrx_word' id='word_1_271' title='bbox 697 4954 790 5039; x_wconf 81' lang='lat' dir='ltr'><strong>parvis</strong></span> <span class='ocrx_word' id='word_1_272' title='bbox 801 4954 934 5037; x_wconf 91' lang='lat' dir='ltr'><strong>&#39;pecuniis</strong></span> <span class='ocrx_word' id='word_1_273' title='bbox 949 4964 976 5014; x_wconf 89' lang='grc'><strong>61</strong></span> <span class='ocrx_word' id='word_1_274' title='bbox 996 4952 1057 5014; x_wconf 86' lang='grc'><strong>1166·</strong></span> 
     </span>
    </p>
   </div>
   <div class='ocr_carea' id='block_1_9' title="bbox 540 5079 935 5176">
    <p class='ocr_par' dir='ltr' id='par_1_9' title="bbox 540 5079 935 5176">
     <span class='ocr_line' id='line_1_42' title="bbox 540 5079 935 5176; baseline -0.01 -24"><span class='ocrx_word' id='word_1_275' title='bbox 540 5107 628 5154; x_wconf 83' lang='lat' dir='ltr'><strong>rona</strong></span> <span class='ocrx_word' id='word_1_276' title='bbox 646 5106 748 5163; x_wconf 82' lang='grc'><strong>6666,</strong></span> <span class='ocrx_word' id='word_1_277' title='bbox 770 5089 802 5150; x_wconf 77' lang='lat'><strong>2⁰</strong></span> <span class='ocrx_word' id='word_1_278' title='bbox 819 5079 935 5176; x_wconf 89' lang='lat' dir='ltr'><strong>partie.</strong></span> 
     </span>
    </p>
   </div>
   <div class='ocr_carea' id='block_1_10' title="bbox 1139 1762 1814 2362">
    <p class='ocr_par' dir='ltr' id='par_1_10' title="bbox 1139 1762 1814 2362">
     <span class='ocr_line' id='line_1_43' title="bbox 1140 1762 1814 1845; baseline 0.001 -22"><span class='ocrx_word' id='word_1_279' title='bbox 1140 1764 1243 1832; x_wconf 87' lang='grc'><strong>666616,</strong></span> <span class='ocrx_word' id='word_1_280' title='bbox 1259 1773 1398 1823; x_wconf 83' lang='lat' dir='ltr'><strong>venerunt</strong></span> <span class='ocrx_word' id='word_1_281' title='bbox 1410 1763 1447 1823; x_wconf 89' lang='lat' dir='ltr'><strong>ad</strong></span> <span class='ocrx_word' id='word_1_282' title='bbox 1460 1762 1654 1824; x_wconf 89' lang='lat' dir='ltr'><strong>obedientiam</strong></span> <span class='ocrx_word' id='word_1_283' title='bbox 1665 1765 1814 1845; x_wconf 88' lang='lat' dir='ltr'><strong>inquisito·</strong></span> 
     </span>
     <span class='ocr_line' id='line_1_44' title="bbox 1140 1865 1813 1927; baseline 0.003 -2"><span class='ocrx_word' id='word_1_284' title='bbox 1140 1868 1178 1925; x_wconf 90' lang='lat' dir='ltr'><strong>ris</strong></span> <span class='ocrx_word' id='word_1_285' title='bbox 1191 1866 1284 1926; x_wconf 80' lang='lat' dir='ltr'><strong>fratris</strong></span> <span class='ocrx_word' id='word_1_286' title='bbox 1294 1865 1424 1926; x_wconf 88' lang='lat' dir='ltr'><strong>Niclrolai</strong></span> <span class='ocrx_word' id='word_1_287' title='bbox 1436 1865 1473 1926; x_wconf 91' lang='lat' dir='ltr'><strong>de</strong></span> <span class='ocrx_word' id='word_1_288' title='bbox 1481 1866 1599 1927; x_wconf 78' lang='lat' dir='ltr'><strong>Abbatis</strong></span> <span class='ocrx_word' id='word_1_289' title='bbox 1611 1865 1813 1927; x_wconf 63' lang='grc'><strong>1111616666-</strong></span> 
     </span>
     <span class='ocr_line' id='line_1_45' title="bbox 1139 1969 1813 2050; baseline 0.009 -24"><span class='ocrx_word' id='word_1_290' title='bbox 1139 1979 1254 2050; x_wconf 83' lang='lat' dir='ltr'><strong>gregata</strong></span> <span class='ocrx_word' id='word_1_291' title='bbox 1278 1969 1459 2029; x_wconf 79' lang='lat' dir='ltr'><strong>universitate</strong></span> <span class='ocrx_word' id='word_1_292' title='bbox 1486 1970 1719 2037; x_wconf 79' lang='lat' dir='ltr'><strong>carcassonensi,</strong></span> <span class='ocrx_word' id='word_1_293' title='bbox 1744 1994 1813 2032; x_wconf 88' lang='lat' dir='ltr'><strong>voce</strong></span> 
     </span>
     <span class='ocr_line' id='line_1_46' title="bbox 1139 2072 1814 2155; baseline 0.006 -25"><span class='ocrx_word' id='word_1_294' title='bbox 1139 2073 1288 2154; x_wconf 89' lang='lat' dir='ltr'><strong>preconia,</strong></span> <span class='ocrx_word' id='word_1_295' title='bbox 1309 2094 1406 2130; x_wconf 85' lang='lat' dir='ltr'><strong>coram</strong></span> <span class='ocrx_word' id='word_1_296' title='bbox 1423 2073 1486 2155; x_wconf 90' lang='lat' dir='ltr'><strong>ipso</strong></span> <span class='ocrx_word' id='word_1_297' title='bbox 1506 2072 1688 2153; x_wconf 86' lang='lat' dir='ltr'><strong>inquisitore,</strong></span> <span class='ocrx_word' id='word_1_298' title='bbox 1709 2072 1756 2134; x_wconf 85' lang='lat' dir='ltr'><strong>die</strong></span> <span class='ocrx_word' id='word_1_299' title='bbox 1776 2074 1814 2134; x_wconf 89' lang='lat' dir='ltr'><strong>ad</strong></span> 
     </span>
     <span class='ocr_line' id='line_1_47' title="bbox 1139 2173 1813 2257; baseline 0.004 -24"><span class='ocrx_word' id='word_1_300' title='bbox 1139 2173 1194 2233; x_wconf 90' lang='grc'><strong>1666</strong></span> <span class='ocrx_word' id='word_1_301' title='bbox 1202 2173 1520 2257; x_wconf 82' lang='lat' dir='ltr'><strong>assignata,inpublico</strong></span> <span class='ocrx_word' id='word_1_302' title='bbox 1529 2177 1715 2243; x_wconf 86' lang='lat' dir='ltr'><strong>sermone,in</strong></span> <span class='ocrx_word' id='word_1_303' title='bbox 1724 2176 1813 2237; x_wconf 87' lang='lat' dir='ltr'><strong>claus-</strong></span> 
     </span>
     <span class='ocr_line' id='line_1_48' title="bbox 1139 2275 1813 2362; baseline 0.004 -26"><span class='ocrx_word' id='word_1_304' title='bbox 1139 2288 1183 2336; x_wconf 91' lang='grc'><strong>166</strong></span> <span class='ocrx_word' id='word_1_305' title='bbox 1196 2276 1313 2337; x_wconf 76' lang='lat' dir='ltr'><strong>fratrum</strong></span> <span class='ocrx_word' id='word_1_306' title='bbox 1324 2275 1536 2336; x_wconf 75' lang='lat' dir='ltr'><strong>predicatorum</strong></span> <span class='ocrx_word' id='word_1_307' title='bbox 1548 2277 1736 2347; x_wconf 80' lang='lat' dir='ltr'><strong>Carcassone.</strong></span> <span class='ocrx_word' id='word_1_308' title='bbox 1750 2301 1813 2362; x_wconf 92' lang='lat' dir='ltr'><strong>pre-</strong></span> 
     </span>
    </p>
   </div>
   <div class='ocr_carea' id='block_1_11' title="bbox 1139 2378 1850 2462">
    <p class='ocr_par' dir='ltr' id='par_1_11' title="bbox 1139 2378 1850 2462">
     <span class='ocr_line' id='line_1_49' title="bbox 1139 2378 1850 2462; baseline 0.004 -24"><span class='ocrx_word' id='word_1_309' title='bbox 1139 2390 1217 2439; x_wconf 86' lang='lat' dir='ltr'><strong>sente</strong></span> <span class='ocrx_word' id='word_1_310' title='bbox 1233 2378 1390 2439; x_wconf 87' lang='lat' dir='ltr'><strong>senescallo</strong></span> <span class='ocrx_word' id='word_1_311' title='bbox 1405 2402 1472 2439; x_wconf 89' lang='lat' dir='ltr'><strong>cum</strong></span> <span class='ocrx_word' id='word_1_312' title='bbox 1486 2381 1564 2439; x_wconf 90' lang='lat' dir='ltr'><strong>curia</strong></span> <span class='ocrx_word' id='word_1_313' title='bbox 1579 2380 1667 2462; x_wconf 80' lang='lat' dir='ltr'><strong>regali</strong></span> <span class='ocrx_word' id='word_1_314' title='bbox 1683 2392 1711 2441; x_wconf 88' lang='lat' dir='ltr'><strong>et</strong></span> <span class='ocrx_word' id='word_1_315' title='bbox 1724 2392 1811 2441; x_wconf 89' lang='lat' dir='ltr'><strong>terra·</strong></span> <span class='ocrx_word' id='word_1_316' title='bbox 1848 2381 1850 2385; x_wconf 70' lang='grc'><strong>’</strong></span> 
     </span>
    </p>
   </div>
   <div class='ocr_carea' id='block_1_12' title="bbox 1136 2483 1813 3678">
    <p class='ocr_par' dir='ltr' id='par_1_12' title="bbox 1136 2483 1813 3678">
     <span class='ocr_line' id='line_1_50' title="bbox 1139 2483 1813 2567; baseline 0.004 -26"><span class='ocrx_word' id='word_1_317' title='bbox 1139 2483 1200 2550; x_wconf 80' lang='lat' dir='ltr'><strong>riis,</strong></span> <span class='ocrx_word' id='word_1_318' title='bbox 1216 2492 1443 2563; x_wconf 79' lang='lat' dir='ltr'><strong>recognoverunt</strong></span> <span class='ocrx_word' id='word_1_319' title='bbox 1455 2492 1566 2543; x_wconf 89' lang='lat' dir='ltr'><strong>reatum</strong></span> <span class='ocrx_word' id='word_1_320' title='bbox 1578 2505 1677 2552; x_wconf 84' lang='lat' dir='ltr'><strong>suum,</strong></span> <span class='ocrx_word' id='word_1_321' title='bbox 1689 2495 1717 2543; x_wconf 91' lang='lat' dir='ltr'><strong>et</strong></span> <span class='ocrx_word' id='word_1_322' title='bbox 1725 2485 1813 2567; x_wconf 87' lang='lat' dir='ltr'><strong>petie·</strong></span> 
     </span>
     <span class='ocr_line' id='line_1_51' title="bbox 1139 2583 1810 2667; baseline 0.004 -23"><span class='ocrx_word' id='word_1_323' title='bbox 1139 2596 1206 2644; x_wconf 88' lang='lat' dir='ltr'><strong>runt</strong></span> <span class='ocrx_word' id='word_1_324' title='bbox 1217 2583 1325 2645; x_wconf 89' lang='lat' dir='ltr'><strong>absolvi</strong></span> <span class='ocrx_word' id='word_1_325' title='bbox 1342 2585 1379 2645; x_wconf 90' lang='lat' dir='ltr'><strong>ab</strong></span> <span class='ocrx_word' id='word_1_326' title='bbox 1394 2586 1563 2667; x_wconf 83' lang='lat' dir='ltr'><strong>inquisitore</strong></span> <span class='ocrx_word' id='word_1_327' title='bbox 1578 2597 1606 2645; x_wconf 91' lang='lat' dir='ltr'><strong>et</strong></span> <span class='ocrx_word' id='word_1_328' title='bbox 1618 2585 1810 2654; x_wconf 87' lang='lat' dir='ltr'><strong>reconciliari,</strong></span> 
     </span>
     <span class='ocr_line' id='line_1_52' title="bbox 1139 2687 1811 2773; baseline 0.001 -24"><span class='ocrx_word' id='word_1_329' title='bbox 1139 2699 1166 2749; x_wconf 87' lang='grc'><strong>61</strong></span> <span class='ocrx_word' id='word_1_330' title='bbox 1188 2690 1372 2771; x_wconf 89' lang='lat' dir='ltr'><strong>optinuerunt</strong></span> <span class='ocrx_word' id='word_1_331' title='bbox 1392 2687 1515 2757; x_wconf 85' lang='lat' dir='ltr'><strong>ibidem,</strong></span> <span class='ocrx_word' id='word_1_332' title='bbox 1537 2688 1652 2772; x_wconf 89' lang='lat' dir='ltr'><strong>publice</strong></span> <span class='ocrx_word' id='word_1_333' title='bbox 1668 2691 1811 2773; x_wconf 81' lang='lat' dir='ltr'><strong>jurantes,</strong></span> 
     </span>
     <span class='ocr_line' id='line_1_53' title="bbox 1138 2790 1811 2874; baseline 0.001 -23"><span class='ocrx_word' id='word_1_334' title='bbox 1138 2790 1252 2852; x_wconf 90' lang='lat' dir='ltr'><strong>elevatis</strong></span> <span class='ocrx_word' id='word_1_335' title='bbox 1268 2790 1305 2851; x_wconf 90' lang='lat' dir='ltr'><strong>ad</strong></span> <span class='ocrx_word' id='word_1_336' title='bbox 1319 2790 1427 2851; x_wconf 90' lang='lat' dir='ltr'><strong>librum</strong></span> <span class='ocrx_word' id='word_1_337' title='bbox 1445 2791 1659 2874; x_wconf 83' lang='lat' dir='ltr'><strong>evangeliorum</strong></span> <span class='ocrx_word' id='word_1_338' title='bbox 1678 2793 1811 2853; x_wconf 89' lang='lat' dir='ltr'><strong>manibus</strong></span> 
     </span>
     <span class='ocr_line' id='line_1_54' title="bbox 1138 2893 1813 2981; baseline 0.001 -27"><span class='ocrx_word' id='word_1_339' title='bbox 1138 2893 1332 2977; x_wconf 81' lang='lat' dir='ltr'><strong>singulorum,</strong></span> <span class='ocrx_word' id='word_1_340' title='bbox 1351 2894 1522 2978; x_wconf 83' lang='lat' dir='ltr'><strong>fueruntque</strong></span> <span class='ocrx_word' id='word_1_341' title='bbox 1540 2896 1743 2980; x_wconf 89' lang='lat' dir='ltr'><strong>condempnati</strong></span> <span class='ocrx_word' id='word_1_342' title='bbox 1760 2918 1813 2981; x_wconf 91' lang='lat' dir='ltr'><strong>per</strong></span> 
     </span>
     <span class='ocr_line' id='line_1_55' title="bbox 1137 2997 1812 3083; baseline 0.003 -26"><span class='ocrx_word' id='word_1_343' title='bbox 1137 2998 1337 3080; x_wconf 83' lang='lat' dir='ltr'><strong>inquisitorem</strong></span> <span class='ocrx_word' id='word_1_344' title='bbox 1346 2997 1384 3057; x_wconf 90' lang='lat' dir='ltr'><strong>ad</strong></span> <span class='ocrx_word' id='word_1_345' title='bbox 1397 2998 1560 3059; x_wconf 84' lang='lat' dir='ltr'><strong>faciendam</strong></span> <span class='ocrx_word' id='word_1_346' title='bbox 1572 2998 1711 3083; x_wconf 89' lang='lat' dir='ltr'><strong>capellam</strong></span> <span class='ocrx_word' id='word_1_347' title='bbox 1723 3021 1812 3059; x_wconf 89' lang='lat' dir='ltr'><strong>unam</strong></span> 
     </span>
     <span class='ocr_line' id='line_1_56' title="bbox 1137 3100 1810 3162; baseline 0.004 -3"><span class='ocrx_word' id='word_1_348' title='bbox 1137 3102 1168 3159; x_wconf 93' lang='lat' dir='ltr'><strong>in</strong></span> <span class='ocrx_word' id='word_1_349' title='bbox 1194 3100 1305 3161; x_wconf 87' lang='lat' dir='ltr'><strong>honore</strong></span> <span class='ocrx_word' id='word_1_350' title='bbox 1331 3102 1420 3161; x_wconf 86' lang='lat' dir='ltr'><strong>sancti</strong></span> <span class='ocrx_word' id='word_1_351' title='bbox 1448 3100 1585 3162; x_wconf 80' lang='lat' dir='ltr'><strong>Ludorici</strong></span> <span class='ocrx_word' id='word_1_352' title='bbox 1612 3104 1642 3160; x_wconf 94' lang='lat' dir='ltr'><strong>in</strong></span> <span class='ocrx_word' id='word_1_353' title='bbox 1669 3112 1810 3162; x_wconf 89' lang='lat' dir='ltr'><strong>conventu</strong></span> 
     </span>
     <span class='ocr_line' id='line_1_57' title="bbox 1137 3203 1811 3265; baseline 0.001 -2"><span class='ocrx_word' id='word_1_354' title='bbox 1137 3203 1256 3264; x_wconf 79' lang='lat' dir='ltr'><strong>fratrum</strong></span> <span class='ocrx_word' id='word_1_355' title='bbox 1275 3203 1490 3264; x_wconf 87' lang='lat' dir='ltr'><strong>Predicatorum</strong></span> <span class='ocrx_word' id='word_1_356' title='bbox 1502 3203 1684 3265; x_wconf 90' lang='lat' dir='ltr'><strong>Carcassone.</strong></span> <span class='ocrx_word' id='word_1_357' title='bbox 1706 3204 1811 3265; x_wconf 77' lang='lat' dir='ltr'><strong>Actum</strong></span> 
     </span>
     <span class='ocr_line' id='line_1_58' title="bbox 1136 3306 1811 3390; baseline 0.001 -24"><span class='ocrx_word' id='word_1_358' title='bbox 1136 3308 1190 3367; x_wconf 89' lang='grc'><strong>1611</strong></span> <span class='ocrx_word' id='word_1_359' title='bbox 1207 3306 1263 3367; x_wconf 89' lang='lat' dir='ltr'><strong>hoc</strong></span> <span class='ocrx_word' id='word_1_360' title='bbox 1282 3329 1360 3367; x_wconf 92' lang='lat' dir='ltr'><strong>anno</strong></span> <span class='ocrx_word' id='word_1_361' title='bbox 1377 3308 1494 3368; x_wconf 86' lang='lat' dir='ltr'><strong>Domini</strong></span> <span class='ocrx_word' id='word_1_362' title='bbox 1514 3315 1547 3368; x_wconf 84' lang='lat' dir='ltr'><strong>n⁰</strong></span> <span class='ocrx_word' id='word_1_363' title='bbox 1559 3316 1605 3369; x_wconf 83' lang='lat' dir='ltr'><strong>co⁰</strong></span> <span class='ocrx_word' id='word_1_364' title='bbox 1623 3310 1811 3390; x_wconf 88' lang='lat' dir='ltr'><strong>nonagesimo</strong></span> 
     </span>
     <span class='ocr_line' id='line_1_59' title="bbox 1138 3408 1810 3494; baseline 0.003 -25"><span class='ocrx_word' id='word_1_365' title='bbox 1138 3418 1193 3479; x_wconf 77' lang='lat'><strong>11⁰,</strong></span> <span class='ocrx_word' id='word_1_366' title='bbox 1208 3432 1308 3471; x_wconf 89' lang='lat' dir='ltr'><strong>mense</strong></span> <span class='ocrx_word' id='word_1_367' title='bbox 1323 3410 1452 3472; x_wconf 87' lang='lat' dir='ltr'><strong>Octobri.</strong></span> <span class='ocrx_word' id='word_1_368' title='bbox 1461 3408 1577 3494; x_wconf 89' lang='lat' dir='ltr'><strong>Capella</strong></span> <span class='ocrx_word' id='word_1_369' title='bbox 1593 3412 1728 3472; x_wconf 89' lang='grc'><strong>66661611</strong></span> <span class='ocrx_word' id='word_1_370' title='bbox 1743 3433 1810 3471; x_wconf 88' lang='lat' dir='ltr'><strong>con·</strong></span> 
     </span>
     <span class='ocr_line' id='line_1_60' title="bbox 1137 3514 1811 3598; baseline 0 -25"><span class='ocrx_word' id='word_1_371' title='bbox 1137 3524 1241 3574; x_wconf 88' lang='lat' dir='ltr'><strong>structa</strong></span> <span class='ocrx_word' id='word_1_372' title='bbox 1257 3535 1335 3573; x_wconf 86' lang='lat' dir='ltr'><strong>anno</strong></span> <span class='ocrx_word' id='word_1_373' title='bbox 1353 3515 1483 3596; x_wconf 85' lang='lat' dir='ltr'><strong>sequenti</strong></span> <span class='ocrx_word' id='word_1_374' title='bbox 1499 3522 1532 3574; x_wconf 73' lang='lat' dir='ltr'><strong>ss0</strong></span> <span class='ocrx_word' id='word_1_375' title='bbox 1542 3523 1615 3583; x_wconf 54' lang='grc'><strong>666,</strong></span> <span class='ocrx_word' id='word_1_376' title='bbox 1631 3536 1684 3598; x_wconf 94' lang='lat' dir='ltr'><strong>pro</strong></span> <span class='ocrx_word' id='word_1_377' title='bbox 1699 3537 1756 3596; x_wconf 91' lang='lat' dir='ltr'><strong>qua</strong></span> <span class='ocrx_word' id='word_1_378' title='bbox 1770 3514 1811 3574; x_wconf 90' lang='grc'><strong>16-</strong></span> 
     </span>
     <span class='ocr_line' id='line_1_61' title="bbox 1136 3615 1812 3678; baseline 0 -3"><span class='ocrx_word' id='word_1_379' title='bbox 1136 3615 1237 3677; x_wconf 91' lang='lat' dir='ltr'><strong>cienda</strong></span> <span class='ocrx_word' id='word_1_380' title='bbox 1250 3628 1279 3677; x_wconf 88' lang='lat' dir='ltr'><strong>et</strong></span> <span class='ocrx_word' id='word_1_381' title='bbox 1292 3615 1423 3677; x_wconf 89' lang='lat' dir='ltr'><strong>ornanda</strong></span> <span class='ocrx_word' id='word_1_382' title='bbox 1433 3615 1518 3677; x_wconf 84' lang='lat' dir='ltr'><strong>solvit</strong></span> <span class='ocrx_word' id='word_1_383' title='bbox 1525 3616 1590 3677; x_wconf 88' lang='lat' dir='ltr'><strong>villa</strong></span> <span class='ocrx_word' id='word_1_384' title='bbox 1602 3617 1812 3678; x_wconf 88' lang='lat' dir='ltr'><strong>Carcassonen-</strong></span> 
     </span>
    </p>
   </div>
   <div class='ocr_carea' id='block_1_13' title="bbox 1136 3718 1811 3904">
    <p class='ocr_par' dir='ltr' id='par_1_13' title="bbox 1136 3718 1811 3904">
     <span class='ocr_line' id='line_1_62' title="bbox 1136 3718 1811 3801; baseline 0.003 -23"><span class='ocrx_word' id='word_1_385' title='bbox 1136 3721 1174 3779; x_wconf 92' lang='lat' dir='ltr'><strong>sis</strong></span> <span class='ocrx_word' id='word_1_386' title='bbox 1189 3719 1309 3782; x_wconf 85' lang='lat' dir='ltr'><strong>DCCCC</strong></span> <span class='ocrx_word' id='word_1_387' title='bbox 1327 3718 1414 3780; x_wconf 89' lang='lat' dir='ltr'><strong>libras</strong></span> <span class='ocrx_word' id='word_1_388' title='bbox 1431 3720 1663 3781; x_wconf 74' lang='lat' dir='ltr'><strong>turonensium.»</strong></span> <span class='ocrx_word' id='word_1_389' title='bbox 1680 3721 1733 3781; x_wconf 88' lang='lat' dir='ltr'><strong>Ms.</strong></span> <span class='ocrx_word' id='word_1_390' title='bbox 1751 3721 1811 3801; x_wconf 78' lang='grc'><strong>673</strong></span> 
     </span>
     <span class='ocr_line' id='line_1_63' title="bbox 1136 3821 1609 3904; baseline 0 -22"><span class='ocrx_word' id='word_1_391' title='bbox 1136 3822 1172 3882; x_wconf 83' lang='grc'><strong>(16</strong></span> <span class='ocrx_word' id='word_1_392' title='bbox 1183 3822 1342 3891; x_wconf 75' lang='grc'><strong>16616666,</strong></span> <span class='ocrx_word' id='word_1_393' title='bbox 1358 3821 1406 3882; x_wconf 90' lang='grc'><strong>161.</strong></span> <span class='ocrx_word' id='word_1_394' title='bbox 1425 3824 1481 3904; x_wconf 87' lang='grc'><strong>657</strong></span> <span class='ocrx_word' id='word_1_395' title='bbox 1496 3835 1523 3883; x_wconf 90' lang='grc'><strong>61</strong></span> <span class='ocrx_word' id='word_1_396' title='bbox 1545 3823 1609 3884; x_wconf 83' lang='grc'><strong>658.</strong></span> 
     </span>
    </p>
   </div>
   <div class='ocr_carea' id='block_1_14' title="bbox 1133 3924 1810 4831">
    <p class='ocr_par' dir='ltr' id='par_1_14' title="bbox 1133 3924 1810 4831">
     <span class='ocr_line' id='line_1_64' title="bbox 1180 3924 1810 3987; baseline 0.011 -7"><span class='ocrx_word' id='word_1_397' title='bbox 1180 3924 1187 3954; x_wconf 88' lang='lat'><strong>¹</strong></span> <span class='ocrx_word' id='word_1_398' title='bbox 1211 3925 1374 3986; x_wconf 73' lang='lat' dir='ltr'><strong>«Dormivit</strong></span> <span class='ocrx_word' id='word_1_399' title='bbox 1388 3937 1484 3986; x_wconf 90' lang='lat' dir='ltr'><strong>autem</strong></span> <span class='ocrx_word' id='word_1_400' title='bbox 1498 3927 1529 3985; x_wconf 91' lang='lat' dir='ltr'><strong>in</strong></span> <span class='ocrx_word' id='word_1_401' title='bbox 1552 3927 1678 3987; x_wconf 91' lang='lat' dir='ltr'><strong>Domino</strong></span> <span class='ocrx_word' id='word_1_402' title='bbox 1693 3928 1723 3986; x_wconf 90' lang='lat' dir='ltr'><strong>in</strong></span> <span class='ocrx_word' id='word_1_403' title='bbox 1738 3928 1810 3987; x_wconf 91' lang='grc'><strong>16616</strong></span> 
     </span>
     <span class='ocr_line' id='line_1_65' title="bbox 1135 4027 1809 4096; baseline 0.001 -8"><span class='ocrx_word' id='word_1_404' title='bbox 1135 4029 1211 4088; x_wconf 85' lang='grc'><strong>166611</strong></span> <span class='ocrx_word' id='word_1_405' title='bbox 1235 4028 1394 4096; x_wconf 84' lang='lat' dir='ltr'><strong>Francisci,</strong></span> <span class='ocrx_word' id='word_1_406' title='bbox 1419 4027 1603 4090; x_wconf 88' lang='lat' dir='ltr'><strong>illucescente</strong></span> <span class='ocrx_word' id='word_1_407' title='bbox 1624 4051 1727 4089; x_wconf 90' lang='lat' dir='ltr'><strong>aurora</strong></span> <span class='ocrx_word' id='word_1_408' title='bbox 1751 4029 1809 4089; x_wconf 92' lang='lat' dir='ltr'><strong>diei</strong></span> 
     </span>
     <span class='ocr_line' id='line_1_66' title="bbox 1135 4132 1809 4214; baseline 0 -22"><span class='ocrx_word' id='word_1_409' title='bbox 1135 4132 1300 4198; x_wconf 85' lang='lat' dir='ltr'><strong>Dominice,</strong></span> <span class='ocrx_word' id='word_1_410' title='bbox 1324 4153 1400 4191; x_wconf 89' lang='lat' dir='ltr'><strong>anno</strong></span> <span class='ocrx_word' id='word_1_411' title='bbox 1420 4132 1538 4191; x_wconf 89' lang='lat' dir='ltr'><strong>Domini</strong></span> <span class='ocrx_word' id='word_1_412' title='bbox 1565 4139 1658 4193; x_wconf 75' lang='lat' dir='ltr'><strong>n⁰c0⁰</strong></span> <span class='ocrx_word' id='word_1_413' title='bbox 1686 4153 1809 4214; x_wconf 76' lang='lat' dir='ltr'><strong>nonage-</strong></span> 
     </span>
     <span class='ocr_line' id='line_1_67' title="bbox 1135 4235 1808 4317; baseline -0.001 -23"><span class='ocrx_word' id='word_1_414' title='bbox 1135 4235 1209 4294; x_wconf 89' lang='lat' dir='ltr'><strong>simo</strong></span> <span class='ocrx_word' id='word_1_415' title='bbox 1223 4241 1273 4303; x_wconf 61' lang='grc' dir='ltr'><strong>(ι’,</strong></span> <span class='ocrx_word' id='word_1_416' title='bbox 1290 4236 1369 4317; x_wconf 88' lang='lat' dir='ltr'><strong>cujus</strong></span> <span class='ocrx_word' id='word_1_417' title='bbox 1384 4256 1488 4316; x_wconf 88' lang='lat' dir='ltr'><strong>corpus</strong></span> <span class='ocrx_word' id='word_1_418' title='bbox 1504 4246 1634 4295; x_wconf 87' lang='lat' dir='ltr'><strong>sanctum</strong></span> <span class='ocrx_word' id='word_1_419' title='bbox 1651 4257 1705 4316; x_wconf 82' lang='lat' dir='ltr'><strong>ego</strong></span> <span class='ocrx_word' id='word_1_420' title='bbox 1721 4236 1808 4294; x_wconf 88' lang='lat' dir='ltr'><strong>srater</strong></span> 
     </span>
     <span class='ocr_line' id='line_1_68' title="bbox 1134 4335 1809 4421; baseline -0.001 -23"><span class='ocrx_word' id='word_1_421' title='bbox 1134 4335 1296 4398; x_wconf 83' lang='lat' dir='ltr'><strong>Bernartius</strong></span> <span class='ocrx_word' id='word_1_422' title='bbox 1317 4336 1473 4405; x_wconf 84' lang='lat' dir='ltr'><strong>Gnidonis,</strong></span> <span class='ocrx_word' id='word_1_423' title='bbox 1499 4347 1567 4397; x_wconf 90' lang='lat' dir='ltr'><strong>tnnc</strong></span> <span class='ocrx_word' id='word_1_424' title='bbox 1588 4338 1671 4421; x_wconf 91' lang='lat' dir='ltr'><strong>prior</strong></span> <span class='ocrx_word' id='word_1_425' title='bbox 1694 4336 1809 4397; x_wconf 87' lang='lat' dir='ltr'><strong>Carcas-</strong></span> 
     </span>
     <span class='ocr_line' id='line_1_69' title="bbox 1135 4439 1807 4522; baseline 0 -22"><span class='ocrx_word' id='word_1_426' title='bbox 1135 4463 1218 4508; x_wconf 78' lang='lat' dir='ltr'><strong>sone.</strong></span> <span class='ocrx_word' id='word_1_427' title='bbox 1237 4440 1374 4522; x_wconf 75' lang='lat' dir='ltr'><strong>indignus</strong></span> <span class='ocrx_word' id='word_1_428' title='bbox 1393 4442 1532 4508; x_wconf 87' lang='lat' dir='ltr'><strong>minister,</strong></span> <span class='ocrx_word' id='word_1_429' title='bbox 1553 4439 1657 4500; x_wconf 89' lang='lat' dir='ltr'><strong>eodem</strong></span> <span class='ocrx_word' id='word_1_430' title='bbox 1675 4439 1737 4508; x_wconf 85' lang='lat' dir='ltr'><strong>die,</strong></span> <span class='ocrx_word' id='word_1_431' title='bbox 1756 4452 1807 4500; x_wconf 85' lang='lat' dir='ltr'><strong>tra·</strong></span> 
     </span>
     <span class='ocr_line' id='line_1_70' title="bbox 1133 4542 1808 4627; baseline -0.001 -23"><span class='ocrx_word' id='word_1_432' title='bbox 1133 4542 1194 4604; x_wconf 93' lang='lat' dir='ltr'><strong>didi</strong></span> <span class='ocrx_word' id='word_1_433' title='bbox 1214 4542 1403 4604; x_wconf 85' lang='lat' dir='ltr'><strong>ecclesiastice</strong></span> <span class='ocrx_word' id='word_1_434' title='bbox 1423 4542 1581 4627; x_wconf 85' lang='lat' dir='ltr'><strong>sepulture,</strong></span> <span class='ocrx_word' id='word_1_435' title='bbox 1602 4564 1661 4603; x_wconf 91' lang='lat' dir='ltr'><strong>non</strong></span> <span class='ocrx_word' id='word_1_436' title='bbox 1677 4544 1739 4604; x_wconf 92' lang='lat' dir='ltr'><strong>sine</strong></span> <span class='ocrx_word' id='word_1_437' title='bbox 1755 4543 1808 4603; x_wconf 88' lang='grc'><strong>166-</strong></span> 
     </span>
     <span class='ocr_line' id='line_1_71' title="bbox 1133 4643 1805 4730; baseline 0 -25"><span class='ocrx_word' id='word_1_438' title='bbox 1133 4656 1210 4707; x_wconf 90' lang='lat' dir='ltr'><strong>trum</strong></span> <span class='ocrx_word' id='word_1_439' title='bbox 1223 4657 1251 4705; x_wconf 90' lang='lat' dir='ltr'><strong>et</strong></span> <span class='ocrx_word' id='word_1_440' title='bbox 1265 4668 1396 4705; x_wconf 85' lang='grc'><strong>66666666</strong></span> <span class='ocrx_word' id='word_1_441' title='bbox 1408 4647 1552 4727; x_wconf 82' lang='lat' dir='ltr'><strong>gemituet</strong></span> <span class='ocrx_word' id='word_1_442' title='bbox 1561 4643 1687 4730; x_wconf 87' lang='lat' dir='ltr'><strong>ploratu.</strong></span> <span class='ocrx_word' id='word_1_443' title='bbox 1696 4693 1718 4707; x_wconf 88' lang='lat'><strong>..</strong></span> <span class='ocrx_word' id='word_1_444' title='bbox 1729 4673 1741 4701; x_wconf 77' lang='grc' dir='ltr'>ι</span> <span class='ocrx_word' id='word_1_445' title='bbox 1753 4648 1805 4707; x_wconf 86' lang='grc' dir='ltr'><strong>Μ6.</strong></span> 
     </span>
     <span class='ocr_line' id='line_1_72' title="bbox 1135 4747 1566 4831; baseline -0.005 -22"><span class='ocrx_word' id='word_1_446' title='bbox 1135 4749 1196 4831; x_wconf 78' lang='grc'><strong>673</strong></span> <span class='ocrx_word' id='word_1_447' title='bbox 1210 4748 1248 4810; x_wconf 93' lang='lat' dir='ltr'><strong>de</strong></span> <span class='ocrx_word' id='word_1_448' title='bbox 1260 4747 1419 4816; x_wconf 87' lang='lat' dir='ltr'><strong>Toulouse,</strong></span> <span class='ocrx_word' id='word_1_449' title='bbox 1433 4748 1481 4809; x_wconf 88' lang='grc'><strong>161.</strong></span> <span class='ocrx_word' id='word_1_450' title='bbox 1501 4748 1566 4810; x_wconf 87' lang='grc'><strong>668.</strong></span> 
     </span>
    </p>
   </div>
   <div class='ocr_carea' id='block_1_15' title="bbox 1175 4850 1806 4937">
    <p class='ocr_par' dir='ltr' id='par_1_15' title="bbox 1175 4850 1806 4937">
     <span class='ocr_line' id='line_1_73' title="bbox 1175 4850 1806 4937; baseline 0.008 -30"><span class='ocrx_word' id='word_1_451' title='bbox 1175 4850 1185 4881; x_wconf 89' lang='lat'><strong>¹</strong></span> <span class='ocrx_word' id='word_1_452' title='bbox 1209 4850 1411 4913; x_wconf 64' lang='lat' dir='ltr'><strong>:Absolvimus</strong></span> <span class='ocrx_word' id='word_1_453' title='bbox 1429 4853 1583 4937; x_wconf 85' lang='lat' dir='ltr'><strong>priores...</strong></span> <span class='ocrx_word' id='word_1_454' title='bbox 1602 4852 1806 4915; x_wconf 85' lang='lat' dir='ltr'><strong>Carcassonen·</strong></span> 
     </span>
    </p>
   </div>
   <div class='ocr_carea' id='block_1_16' title="bbox 1133 4954 1805 5151">
    <p class='ocr_par' dir='ltr' id='par_1_16' title="bbox 1133 4954 1805 5151">
     <span class='ocr_line' id='line_1_74' title="bbox 1133 4954 1805 5038; baseline 0.001 -23"><span class='ocrx_word' id='word_1_455' title='bbox 1133 4976 1224 5016; x_wconf 78' lang='lat' dir='ltr'><strong>sem·</strong></span> <span class='ocrx_word' id='word_1_456' title='bbox 1241 4956 1294 5017; x_wconf 83' lang='lat' dir='ltr'><strong>Ms.</strong></span> <span class='ocrx_word' id='word_1_457' title='bbox 1313 4957 1372 5038; x_wconf 80' lang='grc'><strong>673</strong></span> <span class='ocrx_word' id='word_1_458' title='bbox 1387 4957 1424 5018; x_wconf 90' lang='grc'><strong>(16</strong></span> <span class='ocrx_word' id='word_1_459' title='bbox 1437 4954 1596 5025; x_wconf 84' lang='grc' dir='ltr'><strong>Τ6616666,</strong></span> <span class='ocrx_word' id='word_1_460' title='bbox 1616 4956 1665 5017; x_wconf 89' lang='grc'><strong>161.</strong></span> <span class='ocrx_word' id='word_1_461' title='bbox 1688 4958 1750 5020; x_wconf 85' lang='grc'><strong>386</strong></span> <span class='ocrx_word' id='word_1_462' title='bbox 1768 4966 1805 5016; x_wconf 74' lang='grc'><strong>6”.</strong></span> 
     </span>
     <span class='ocr_line' id='line_1_75' title="bbox 1607 5081 1651 5151; baseline 0.023 -1"><span class='ocrx_word' id='word_1_463' title='bbox 1607 5081 1651 5151; x_wconf 83' lang='grc'><strong>63</strong></span> 
     </span>
    </p>
   </div>
   <div class='ocr_carea' id='block_1_17' title="bbox 1887 860 2041 1085">
    <p class='ocr_par' dir='ltr' id='par_1_17' title="bbox 1887 860 2041 1085">
     <span class='ocr_line' id='line_1_76' title="bbox 1943 860 1988 896; baseline 0.022 -1"><span class='ocrx_word' id='word_1_464' title='bbox 1943 860 1988 896; x_wconf 74' lang='lat' dir='ltr'><strong>LES</strong></span> 
     </span>
     <span class='ocr_line' id='line_1_77' title="bbox 1887 954 2041 990; baseline -0.006 0"><span class='ocrx_word' id='word_1_465' title='bbox 1887 954 2041 990; x_wconf 68' lang='lat' dir='ltr'><strong>manseram</strong></span> 
     </span>
     <span class='ocr_line' id='line_1_78' title="bbox 1949 1049 1982 1085; baseline 0.03 -1"><span class='ocrx_word' id='word_1_466' title='bbox 1949 1049 1982 1085; x_wconf 78' lang='lat' dir='ltr'><strong>DE</strong></span> 
     </span>
    </p>
   </div>
   <div class='ocr_carea' id='block_1_18' title="bbox 0 0 2466 6386">
    <p class='ocr_par' dir='ltr' id='par_1_18' title="bbox 0 0 2466 6386">
     <span class='ocr_line' id='line_1_79' title="bbox 0 0 2466 6386; baseline 0 3"><span class='ocrx_word' id='word_1_467' title='bbox 0 0 2466 6386; x_wconf 95' lang='lat' dir='ltr'><strong> </strong></span> 
     </span>
    </p>
   </div>
  </div>
 </body>
</html>
