4928 6382
842 515 952 601 Dus
989 515 1382 605 MANUSCRITS.
1737 519 1818 604 1131

396 695 571 798 quandam
591 693 805 792 splendidam
827 694 960 775 lucem,
984 697 1081 791 quasi
1104 692 1147 766 de
1168 694 1248 765 sede
1267 699 1379 790 prima
1399 696 1537 791 priorali
1564 695 1825 791 procedentem,

397 847 459 919 per
482 819 642 901 chorum,
665 843 779 889 versus
802 816 1042 913 presbiterium
1064 818 1175 888 altaris
1196 818 1350 911 majoris,
1374 843 1441 913 que
1463 820 1540 887 satis
1558 821 1626 890 cito
1649 817 1823 913 disparuit.
1955 818 2001 856 ω

397 943 441 1015 Et
467 968 549 1015 cum
573 940 797 1012 admiraretur
823 938 908 1036 quid
935 938 1002 1009 hoc
1028 952 1140 1035 posset
1161 938 1308 1033 signare,
1329 941 1608 1034 ignorareturque
1636 939 1826 1012 Lemovicis
1897 910 2055 1045 mffm

398 1064 510 1137 obitus
522 1064 656 1135 domiui
672 1038 949 1144 Lodovensis,in
969 1064 1126 1155 sequenti
1146 1085 1264 1140 mane,
1282 1063 1379 1171 ¹venit
1398 1064 1542 1131 nuncius
1564 1086 1645 1132 cum
1659 1061 1776 1133 litteris
1793 1077 1827 1133 et
1882 1099 2002 1138 ansino
2016 1101 2069 1139 ser.

397 1183 593 1257 rumoribus
614 1183 707 1280 quod
733 1181 894 1254 dominus
917 1181 1137 1254 Lodovensis
1151 1181 1195 1252 ad
1216 1180 1390 1253 Christum
1414 1185 1631 1277 migraverat,
1659 1198 1708 1266 et,
1729 1187 1825 1278 juxta

397 1306 493 1405 quod
501 1306 738 1389 ordinaverat,
757 1303 972 1398 sepeliendus
989 1303 1179 1375 Lemovicis
1195 1307 1231 1374 in
1251 1318 1424 1376 conventu
1441 1304 1598 1375 Fratrum
1615 1304 1824 1400 portabatur.

397 1428 497 1501 Tunc
514 1427 678 1501 intellexit
693 1425 843 1523 prelatus
860 1429 956 1521 prior
972 1424 1067 1522 quod
1083 1427 1140 1496 lux
1160 1425 1218 1496 illa
1233 1425 1405 1520 prelatum
1423 1426 1620 1509 dominum,
1637 1431 1696 1524 qui
1712 1432 1778 1499 rita
1794 1442 1828 1499 et

398 1549 552 1621 doctriua
576 1549 734 1621 ordinem
759 1561 792 1620 et
812 1548 990 1619 ecclesiam
1012 1548 1245 1643 multipliciter
1264 1548 1528 1631 illuminaverat,
1552 1547 1735 1644 figurabat,
1760 1576 1828 1646 que

398 1670 486 1745 bene
510 1670 650 1743 decede
669 1671 807 1767 priorali
823 1695 940 1743 versus
962 1669 1201 1765 presbiterium
1217 1669 1440 1766 procedebat,
1456 1674 1535 1767 quia
1557 1673 1627 1767 ipse
1646 1670 1829 1768 aliquando

398 1799 493 1892 prior
509 1795 667 1865 Fratrum
687 1792 797 1865 luerat
814 1793 1018 1876 Lemovicis,
1039 1808 1073 1864 et
1093 1819 1187 1864 nunc
1204 1807 1283 1865 aute
1300 1792 1540 1889 presbiterium
1562 1795 1699 1888 majoris
1718 1794 1829 1865 altaris

399 1941 480 1987 cum
499 1919 599 2015 justis
613 1915 748 1987 beatam
764 1918 1047 1988 resurrectionem
1066 1929 1228 2009 expectat.

1051 2169 1176 2241 XXVI

489 2336 724 2399 courrsuarlos
745 2350 804 2398 oss
823 2351 942 2399 struas
961 2352 1020 2399 ons
1037 2351 1239 2407 annosiores
1257 2350 1339 2398 nans
1356 2349 1396 2397 aa
1416 2351 1552 2400 vsnsron
1571 2350 1745 2422 rannerus

961 2474 1002 2520 oa
1019 2474 1095 2521 isan
1115 2475 1230 2522 coena
1243 2452 1265 2519 ¹.

451 2645 505 2717 De
522 2644 656 2717 rechiel
666 2648 807 2716 monta²
822 2671 881 2717 sur
895 2646 1072 2718 unlettn‘n
1091 2660 1125 2717 et
1141 2649 1250 2743 priust
1265 2673 1313 2716 un
1332 2645 1450 2717 theme
1467 2645 1577 2718 etdist
1593 2678 1601 2717 ε
1618 2646 1746 2731 spere,
1762 2647 1829 2744 j'ay

399 2766 521 2863 pechio
538 2792 585 2839 ou
604 2768 669 2839 ciel
692 2782 726 2840 et
743 2768 869 2840 devant
884 2782 981 2866 toy.»
998 2769 1043 2839 Et
1059 2772 1134 2864 puis
1150 2767 1219 2840 dist
1235 2769 1259 2838 il
1277 2794 1424 2841 encore:
1445 2768 1539 2865 clay
1557 2769 1631 2839 erre
1648 2771 1675 2839 si
1693 2792 1830 2841 comme

399 2915 469 2961 une
496 2888 589 2961 besta
615 2892 760 2985 esgarde.
787 2890 888 2972 Pbre,
914 2894 1052 2986 sequier
1075 2906 1135 2961 ton
1158 2905 1331 2986 sergent.»
1356 2893 1400 2962 Et
1423 2889 1524 2962 discit
1550 2887 1661 2961 moult
1688 2890 1830 2961 d'autres

400 3008 507 3085 belles
517 3014 651 3107 paroles
666 3012 711 3083 de
724 3012 946 3107 l'escripture‚
963 3025 997 3082 et
1014 3013 1175 3107 sejugoit
1186 3012 1290 3107 queil
1305 3013 1437 3082 n'estoit
1450 3036 1511 3107 pas
1526 3009 1628 3106 digne
1641 3011 1685 3082 de
1697 3011 1830 3107 pardon

400 3137 504 3216 avoir,
523 3138 609 3204 maia
624 3135 648 3204 il
665 3136 783 3205 venuit
794 3159 838 3204 au
855 3157 961 3229 geron
976 3132 1020 3205 de
1035 3137 1141 3204 sainte
1157 3134 1258 3227 eglise
1271 3108 1340 3204 tres
1352 3132 1593 3204 humblement
1606 3147 1642 3204 et
1656 3136 1831 3229 requeroit

399 3255 443 3326 de
459 3282 510 3326 ses
526 3256 664 3351 pechiez
684 3255 828 3352 pardon.
848 3254 967 3344 Quant
987 3256 1012 3326 il
1031 3269 1068 3328 ot
1091 3255 1141 3327 dit
1159 3269 1236 3327 tout
1253 3281 1292 3327 ce
1314 3255 1394 3353 qu'il
1416 3255 1531 3338 voult,
1551 3258 1579 3326 si
1599 3253 1760 3325 descendi
1782 3252 1829 3324 du

398 3377 533 3459 lettrin,
553 3391 588 3447 et
603 3378 672 3448 lors
689 3377 721 3447 le
742 3402 830 3473 pape
845 3380 873 3448 si
890 3382 1037 3474 reprinst
1053 3380 1161 3473 partie
1182 3378 1225 3449 de
1243 3403 1306 3451 son
1323 3377 1546 3473 protheume,
1567 3376 1644 3447 c'est
1661 3382 1827 3448 assavoir:

380 3520 384 3527 ⁴
400 3529 415 3564 α
426 3499 576 3595 Requier
589 3514 649 3570 ton
667 3514 819 3595 sergent,
831 3528 846 3567 r
865 3514 900 3570 et
914 3499 1053 3595 prescha
1071 3501 1104 3572 le
1118 3525 1205 3596 pape
1223 3499 1283 3572 des
1301 3524 1433 3571 erratus
1447 3514 1481 3571 et
1493 3502 1623 3571 vaniter
1641 3500 1686 3570 ob
1701 3498 1725 3569 il
1741 3500 1832 3569 aroit

400 3623 480 3692 este.
499 3621 543 3691 Et
559 3625 635 3717 puis
652 3623 683 3694 le
699 3646 786 3718 pape
809 3624 836 3693 si
854 3621 921 3693 dist
938 3647 992 3693 ces
1009 3622 1164 3718 paroles:
1184 3622 1371 3694 «L‘ouaille
1390 3623 1525 3717 esgaree
1546 3647 1589 3692 ne
1607 3620 1681 3692 doit
1696 3645 1756 3716 pas
1772 3643 1832 3689 aus

400 3742 477 3813 leux
504 3756 590 3814 estre
617 3744 740 3825 livree,
765 3746 851 3814 maia
880 3743 1106 3839 diligenment
1131 3756 1217 3815 estre
1244 3746 1379 3839 requise
1406 3757 1440 3813 et
1462 3766 1625 3839 avesques
1645 3742 1695 3812 les
1719 3754 1832 3811 autres

401 3864 540 3935 ouailles
558 3879 645 3937 estre
658 3868 793 3937 remise.
806 3895 822 3933 n

450 3983 569 4073 Quant
590 3986 621 4058 le
640 4012 726 4083 pape
751 4001 788 4059 ot
809 4012 861 4059 ses
886 3987 1019 4082 paroles
1042 3984 1164 4068 finees,
1190 3986 1369 4081 l'antipape
1393 3984 1469 4057 s'ala
1492 3998 1586 4082 geter
1611 3987 1761 4079 auspice
1783 3982 1830 4054 du

401 4132 486 4203 pape
502 4134 551 4179 un
563 4108 633 4179 lien
652 4135 698 4181 ou
715 4110 780 4181 col.
799 4110 884 4181 Lors
898 4109 931 4180 le
948 4134 1036 4205 pape
1050 4108 1075 4179 li
1093 4122 1164 4179 osta
1181 4108 1214 4179 le
1230 4107 1299 4178 lien
1318 4106 1366 4177 du
1384 4108 1438 4179 col
1452 4121 1486 4179 et
1497 4107 1530 4179 le
1545 4120 1662 4179 receut
1678 4109 1697 4177 al
1711 4131 1747 4176 nr
1760 4088 1840 4176 bais

400 4231 497 4311 siers,
519 4229 598 4302 o’est
618 4234 764 4302 assavoir
785 4256 830 4300 an
852 4230 974 4302 baisier
996 4229 1044 4302 do
1064 4233 1136 4327 pie,
1162 4229 1206 4301 de
1224 4229 1257 4300 la
1282 4232 1374 4300 main
1399 4243 1433 4300 et
1457 4229 1551 4300 dela
1574 4226 1725 4308 boucha,
1746 4225 1832 4298 dont

400 4350 568 4444 plusieurs
592 4349 707 4423 forent
730 4352 841 4422 moult
864 4351 1014 4434 esbahiz,
1034 4367 1068 4425 et
1088 4354 1185 4449 apres
1207 4378 1246 4424 ce
1274 4351 1305 4423 le
1326 4376 1413 4447 pape
1439 4376 1639 4443 commenga
1661 4349 1705 4421 Te
1728 4349 1832 4421 Deum

403 4469 581 4555 badonas,
606 4486 640 4543 et
665 4472 843 4545 rendirent
868 4498 983 4569 greces
1008 4476 1027 4544 d
1055 4474 1146 4545 Dieu
1170 4475 1203 4546 le
1230 4498 1334 4570 pape,
1357 4472 1407 4546 les
1426 4471 1616 4545 cardinaulz
1632 4455 1678 4543 ’et
1699 4484 1776 4544 tout
1799 4469 1831 4540 le

401 4592 525 4690 periplo
546 4595 607 4693 qui
633 4594 666 4665 tt
688 4597 802 4676 estoit,
829 4610 863 4666 et
887 4621 908 4692 y
935 4609 972 4667 ot
997 4609 1096 4691 grant
1118 4595 1334 4692 sollempnitd
1357 4596 1400 4667 de
1429 4620 1553 4668 messae
1578 4592 1761 4675 celebrere,
1785 4591 1830 4663 la-

430 4822 448 4899 '1
468 4866 550 4942 voye
564 4865 624 4940 prus
638 4864 714 4925 uus.
729 4860 742 4918 s
756 4864 802 4921 cs.
816 4896 854 4907 -
869 4866 879 4898 ¹
897 4863 920 4919 n
932 4863 1005 4939 saga
1017 4862 1051 4920 a·
1065 4862 1202 4938 sauppe
1214 4862 1344 4920 nemas
1357 4862 1486 4920 casse
