4928 6382
658 522 742 606 aaa
1193 558 1198 569 ·
1236 518 1496 606 NOTlCES

202 698 210 709 ’
394 717 618 731 “⁸“-
658 698 931 781 predicatorum,
956 698 1133 770 reverendi
1158 703 1193 769 in
1223 697 1358 768 Christo
1385 700 1488 793 patris
1513 696 1622 768 fratris
1650 697 1858 793 berengarii,
1888 700 1962 794 qui,
1993 699 2079 770 dum

318 804 323 811 ’
487 818 529 853 ¹³³³
656 819 768 890 adhuc
785 823 820 889 in
839 820 959 891 ordine
981 822 1174 915 magisterio
1192 818 1402 913 fungeretur,
1422 846 1440 889 a
1460 843 1530 916 quo
1550 820 1687 890 interim
1705 823 1740 888 in
1759 818 2078 915 compostellanum

431 912 584 1042 ruffam
656 941 949 1035 archiepiscopum
968 955 1017 1012 est
1032 956 1237 1037 assumptus,
1254 942 1330 1012 vive
1347 944 1438 1012 vocis
1454 942 1591 1012 oraculo
1609 940 1644 1012 id
1664 945 1774 1036 ipsum
1793 941 1898 1011 micbi
1915 945 2078 1036 impoqu

412 1099 529 1136 asevian
544 1100 598 1135 aar.
656 1077 690 1132 et
707 1066 869 1157 injunxit,
890 1062 1011 1133 absens
1031 1087 1169 1158 quoque
1188 1062 1383 1133 cohortatus
1401 1077 1450 1133 est
1467 1088 1524 1132 me
1542 1066 1653 1157 sepius
1670 1062 1775 1132 literis
1794 1063 1930 1133 iteratis.
1955 1062 2077 1134 Allexit

655 1210 735 1255 vero
749 1188 904 1255 animum
918 1209 1035 1255 meum
1053 1183 1093 1253 ad
1111 1182 1330 1254 subeundum
1345 1182 1496 1255 laborem
1513 1182 1718 1254 desiderium
1734 1181 1863 1254 sciendi
1880 1198 2075 1271 sanctornm

654 1304 798 1375 illustres
821 1330 946 1402 agones
968 1307 1160 1400 etinsignia
1182 1318 1272 1401 gesta
1293 1306 1500 1400 virtutesque
1518 1304 1685 1398 preclaras
1705 1328 1744 1373 ac
1767 1304 1974 1399 exemplares
1991 1309 2076 1375 vitas

654 1441 686 1494 et
709 1425 956 1520 perfectionum
981 1428 1136 1506 semitas,
1160 1425 1203 1495 ad
1230 1422 1480 1519 proficiendum
1508 1427 1542 1493 in
1564 1427 1617 1495 via
1643 1424 1723 1506 Dei,
1754 1450 1874 1496 eorum
1899 1425 2073 1519 exemplo,
2119 1408 2124 1419 ⁵

651 1550 840 1618 imitatione
856 1563 890 1618 ct
906 1547 1073 1627 doctrina,
1094 1571 1230 1616 necnon
1248 1550 1400 1640 ipsorum
1419 1547 1546 1615 nieritis
1562 1546 1666 1616 michi
1684 1545 1942 1641 suffragantibus
1955 1550 2075 1618 viatori

649 1666 691 1738 ad
709 1668 981 1763 perveniendum
1000 1667 1044 1738 ad
1062 1671 1220 1762 patriam,
1245 1669 1279 1736 in
1299 1693 1366 1763 qua
1384 1671 1446 1762 ipsi
1466 1670 1538 1737 sine
1557 1665 1624 1737 line
1644 1670 1763 1738 vivunt
1783 1682 1817 1738 et
1834 1682 1976 1763 regnant
1993 1694 2073 1738 cum

650 1788 785 1861 Christo
799 1793 860 1885 qui
878 1805 927 1860 est
943 1805 1139 1862 sanctorum
1159 1793 1316 1860 omnium
1330 1790 1436 1886 gloria
1455 1796 1489 1860 'et
1505 1812 1642 1860 corona.

701 1912 846 2007 Explicit
860 1910 1015 2007 prelatio,

1318 2062 1407 2133 XXI

701 2236 820 2282 turrae
839 2236 967 2285 o’urtvol
986 2237 1026 2282 DE
1043 2236 1081 2282 LA
1100 2216 1260 2284 uunaldus
1277 2236 1392 2283 PARTIE
1410 2237 1451 2283 DU
1467 2236 1653 2285 SANCTORAL
1671 2237 1712 2284 ΑΗ
1731 2237 1811 2284 ΡΑΡΕ
1827 2238 1902 2284 JBAN
1923 2218 2019 2285 Klilll.

699 2397 916 2469 sanctissimo
932 2401 966 2467 in
983 2397 1119 2470 Christo
1132 2402 1220 2493 petri
1234 2398 1377 2470 domino
1391 2399 1555 2481 iohanni,
1573 2398 1688 2471 divina
1705 2399 1906 2494 providente
1926 2400 2073 2469 clemen·

649 2522 699 2589 cia
717 2533 831 2589 sancte
852 2519 1006 2590 Romane
1028 2544 1068 2589 ac
1085 2519 1280 2590 universalis
1299 2519 1437 2591 ecclesie
1457 2545 1592 2590 summo
1612 2518 1782 2614 pontifici,
1808 2516 1911 2590 irater
1933 2520 2072 2591 Bernar-

649 2640 727 2721 dus,
745 2640 809 2711 Dei
833 2655 866 2711 et
888 2643 960 2735 ejus
981 2640 1163 2735 apostolice
1187 2644 1369 2711 sanctitatis
1390 2646 1498 2735 gracia
1523 2641 1662 2712 ecclesie
1687 2640 1894 2713 Lodovensis
1918 2646 2073 2711 minister

648 2760 804 2841 humilis,
825 2765 973 2857 seipsum
1001 2761 1176 2831 modicum
1201 2761 1236 2832 id
1260 2761 1354 2858 quod
1379 2777 1443 2843 est,
1467 2761 1510 2832 ad
1538 2732 1668 2832 devota·
1682 2762 1811 2858 pedum
1835 2763 1964 2842 oscula,
1992 2788 2070 2831 cum

648 2881 812 2976 obsequio
846 2881 959 2954 debite
989 2886 1166 2954 servitutis.
1196 2882 1369 2954 Primicias
1399 2882 1522 2954 laboris
1556 2882 1688 2954 dudum
1720 2884 1825 2954 michi
1857 2887 2005 2978 impositi
2038 2897 2071 2952 et

648 3006 791 3099 injuncti
811 3029 872 3098 per
888 3003 1121 3075 venerabilem
1137 3019 1271 3100 patrem
1290 3004 1470 3076 dominum
1492 3005 1753 3101 berengarium,
1774 3020 1856 3075 tunc
1873 3009 2070 3098 magistrum

649 3122 777 3194 ordinis
795 3124 952 3195 Fratrum
971 3099 1242 3206 predicatorum,
1260 3126 1352 3195 nime
1370 3151 1451 3197 vero
1470 3124 1534 3195 Dei
1551 3129 1655 3220 gratia
1673 3140 1706 3196 et
1725 3140 1832 3197 vestra
1852 3124 2071 3220 archiepisco-

648 3270 731 3339 pum
756 3244 1091 3341 compostellanum,
1121 3250 1209 3317 circa
1236 3271 1321 3342 opus
1348 3247 1484 3341 Speculi
1508 3247 1702 3317 sanctoralis
1724 3249 1804 3342 jure
1828 3246 1921 3317 vobis
1948 3246 2069 3325 allero,

649 3379 808 3461 tanquam
826 3391 963 3436 summo
985 3371 1131 3462 principi
1153 3366 1380 3437 sacerdotum.
1400 3367 1479 3437 Post
1496 3371 1626 3462 priores
1643 3381 1755 3462 partes
1773 3381 1840 3437 tres
1860 3392 1952 3437 nunc
1973 3393 2072 3462 quar-

649 3489 741 3555 tam²
757 3485 910 3582 ejusdem
926 3491 1052 3582 operis,
1069 3487 1305 3583 corrigendam
1321 3501 1356 3557 rt
1369 3487 1575 3559 elimandam
1589 3503 1658 3558 tam
1670 3492 1750 3558 lima
1762 3493 1863 3558 vestri
1881 3488 2071 3558 excellentis

649 3610 773 3702 ingenii
796 3634 900 3705 quam
917 3584 1002 3677 libra
1015 3608 1136 3704 judicii
1160 3613 1399 3704 preminentis,
1427 3613 1541 3713 sciens·
1555 3607 1648 3705 quod
1669 3608 1831 3705 quicquid
1852 3608 2070 3704 probaveritis

647 3730 680 3796 in
698 3726 817 3799 eadem
832 3727 963 3799 boumn
982 3732 1044 3800 erit
1064 3743 1097 3799 et
1115 3730 1251 3811 melius,
1272 3744 1306 3800 et
1323 3730 1416 3825 quod
1435 3734 1643 3800 correxeritis
1664 3733 1727 3800 erit
1743 3743 1886 3801 rectum.
1905 3730 2070 3825 Suscipiat

647 3850 774 3945 itaque,
792 3849 946 3928 obsecro,
965 3849 1144 3921 benedicte
1165 3855 1348 3923 sanctitatis
1366 3866 1475 3923 vestre
1489 3877 1611 3921 manus
1628 3851 1716 3921 hanc
1738 3854 1919 3946 quartam³
1937 3865 2069 3946 partem

646 3969 799 4066 ejusdem
829 3970 965 4066 Speculi
990 3973 1203 4057 sanctoralis,
1232 3988 1335 4068 prout
1361 3978 1396 4044 in
1419 3971 1612 4069 presacione
1640 3977 1794 4068 sequenti
1822 3976 1930 4042 tocius
1959 3975 2069 4067 operis

646 4068 856 4172 describitur,
876 4097 970 4187 quasi
994 4095 1207 4190 manipulum
1228 4110 1388 4190 quartum
1413 4095 1455 4165 de
1475 4094 1706 4165 confessorum
1728 4094 1825 4165 violis
1846 4109 1878 4164 et
1900 4097 2068 4191 virginum

645 4212 721 4283 liliis
739 4210 924 4284 candidatis
935 4216 959 4283 ⁴.
1051 4213 1058 4227 ’

682 4475 689 4503 ¹
708 4473 769 4527 Mes.
786 4473 861 4528 latins
877 4476 964 4536 taos,
977 4474 1021 4529 iol.
1040 4496 1117 4539 ις-
1132 4479 1215 4548 Sto-p,
1230 4476 1275 4529 sol.
1288 4476 1317 4531 F,
1394 4496 1441 4531 ms.
1453 4480 1487 4536 aa
1497 4477 1528 4531 de
1541 4475 1736 4537 Toulouse,sol.
1751 4497 1773 4537 r,
1785 4486 1873 4550 porte:
1886 4476 1964 4530 ePost
1971 4476 2068 4549 priores

553 4628 556 4633 ,
643 4594 680 4606 -
691 4568 739 4620 Ms.
752 4567 786 4626 bt
805 4568 838 4622 de
858 4568 1002 4628 'l'oulousm
1020 4572 1046 4622 a·
1068 4569 1162 4643 partie,
1181 4569 1223 4623 iol.
1244 4591 1266 4625 r.
1280 4602 1317 4611 -
1392 4581 1475 4644 partes
1485 4569 1563 4629 duas,
1577 4588 1648 4623 nunc
1660 4570 1809 4624 terciam...
1822 4609 1828 4622 .
1840 4592 1851 4619 ι

644 4658 726 4731 Voyes
739 4660 798 4732 plus
811 4661 887 4724 baut,
901 4682 927 4736 p.
942 4667 1005 4735 s7t.
1430 4666 1440 4697 ³
1458 4663 1531 4717 Hauc
1544 4663 1650 4717 tercium
1667 4663 1732 4717 lbid.

680 4754 690 4785 ²
709 4752 745 4806 La
760 4753 833 4807 lettre
845 4755 911 4808 mise
925 4773 957 4809 en
969 4761 1022 4810 tete
1036 4756 1068 4810 de
1082 4757 1107 4811 le
1119 4757 1249 4812 troisibme
1260 4776 1316 4831 par·
1429 4758 1441 4793 ⁴
1460 4756 1597 4810 eTercium
1621 4757 1654 4811 de
1676 4756 1783 4809 floribus
1805 4774 1921 4811 rosarum
1945 4758 2069 4828 sanguim

530 4914 533 4921 .
643 4845 677 4898 tie
695 4844 731 4898 du
745 4846 890 4907 Smctoral,
910 4848 974 4901 dans
993 4850 1017 4903 le
1036 4851 1162 4923 premiere
1180 4851 1262 4923 partie
1281 4850 1317 4905 du
1393 4849 1501 4904 martirii
1513 4848 1690 4908 rubicundis.»
1702 4847 1765 4904 lttt
