4928 6382
834 513 946 597 Dus
977 508 1372 599 Manuscatrs
1729 512 1814 595 aar

441 695 530 767 Item
547 685 669 790 quinto
687 690 799 765 brevis
816 692 952 763 cronica
968 686 1172 786 pontificum
1191 688 1436 784 Romanorum.
1460 688 1610 785 Require
1631 687 1719 761 infra
1736 688 1818 760 folio

391 829 652 891 comnumerato
669 821 837 886 conssul

442 939 530 1011 Item
545 951 638 1011 serto
653 935 820 1008 confessio
837 937 1006 1030 antipapa.
1026 932 1176 1031 Require
1193 930 1280 1005 infra
1297 931 1380 1005 solio
1398 946 1515 1003 notato
1532 956 1571 1005 co
1582 942 1673 1036 cunt

1054 1185 1157 1257 XXV

640 1375 693 1424 Μ
712 1375 752 1421 DE
767 1371 915 1420 sennaab
932 1372 1003 1428 ool,
1020 1349 1132 1417 deutra
1149 1369 1210 1417 PAR
1227 1370 1267 1417 ΠΝ
1286 1349 1566 1416 ΟΟΝΤΕΜΡΟΒΑΙΝῙ.

441 1548 560 1621 Brevis
572 1547 709 1618 cronica
724 1545 768 1617 de
786 1547 855 1616 vita
873 1558 906 1615 et
923 1542 1080 1616 moribus
1095 1568 1135 1614 ac
1150 1543 1284 1638 scriptis
1300 1556 1335 1613 et
1347 1542 1510 1641 operibus
1522 1541 1656 1615 domini
1668 1530 1819 1641 episcopi

1949 803 1993 841 uta

1893 896 2048 936 nauscam

1954 991 1989 1030 DE

1875 1085 1994 1125 BRRMRD
2010 1084 2063 1122 Gur.

392 1667 615 1749 Lodovensis,
633 1669 756 1740 actoris
765 1682 800 1739 et
817 1666 1012 1762 copilatoris
1027 1665 1130 1761 hujus
1148 1662 1228 1735 libri
1242 1666 1302 1759 qui
1317 1665 1509 1735 intitulatur
1524 1664 1712 1761 Speculum
1724 1691 1818 1737 sanc·
1848 1712 1860 1721 „
1950 1704 1955 1713 ·

390 1792 508 1863 torale.
539 1850 544 1857 .

442 1913 522 1985 Fuit
544 1913 596 1984 vir
618 1909 823 1984 venerabilis
845 1908 1019 1981 modernis
1042 1907 1257 2004 temporibus
1280 1907 1325 1980 de
1348 1910 1504 1980 terminis
1527 1909 1685 1980 Fratrum
1709 1908 1820 1981 Predi·

391 2050 547 2107 catorum
579 2047 769 2105 conventus
803 2033 1076 2113 Lemovicensis‚
1110 2030 1272 2102 dominus
1303 2030 1462 2102 videlicet
1493 2029 1599 2101 irater
1628 2030 1820 2103 Bernanlus

391 2155 578 2237 Gnidonis.
607 2154 734 2226 ordinis
760 2153 918 2225 Fratrum
942 2151 1219 2233 Predicatorum,
1245 2152 1424 2246 episcopus
1453 2149 1677 2231 lodovensis,
1703 2153 1821 2246 quiin

390 2279 593 2374 presbiterio
607 2277 750 2348 ecclesie
762 2277 921 2348 Fratrum
936 2275 1234 2347 Lemovicensium
1250 2273 1292 2344 ad
1305 2276 1474 2345 sinistram
1488 2276 1617 2355 altaris,
1635 2273 1820 2344 indecenti

390 2427 430 2471 ac
448 2400 614 2472 eminenti
630 2400 767 2470 tumulo
784 2396 970 2469 fabrefacto
986 2424 1025 2469 ex
1042 2399 1174 2478 letone,
1191 2397 1385 2493 requiescit.

444 2523 507 2594 Hic
526 2547 567 2593 ex
585 2526 663 2595 vieo
682 2538 803 2594 vocato
827 2521 952 2594 lioeria
971 2546 1083 2618 prope
1102 2519 1239 2615 Rupem
1259 2519 1376 2615 Apis²‚
1396 2518 1551 2615 ejusdem
1567 2518 1821 2595 Lemovicensis

391 2645 560 2745 dyocesis,
593 2643 776 2727 oriundus,
806 2647 902 2740 juxta
929 2644 1173 2740 proprietatem
1206 2646 1258 2714 sui
1289 2644 1456 2723 nominis,
1487 2654 1654 2737 tanquam
1684 2639 1821 2713 cordus³

392 2767 578 2850 odorifera,
593 2770 661 2839 vita
680 2768 807 2862 pariter
820 2781 853 2839 et
868 2766 1041 2849 doctrina,
1060 2764 1205 2837 odorem
1221 2766 1459 2837 suavissimum
1477 2765 1552 2836 Deo
1571 2778 1606 2834 et
1622 2763 1821 2839 hominihus

393 2893 572 2962 emanavit.
603 2890 681 2961 Fuit
707 2888 877 2986 siquidem
907 2890 959 2960 vir
985 2888 1099 2984 magni
1122 2888 1271 2966 consilii,
1301 2912 1424 2982 magne
1454 2888 1668 2981 experiencie
1704 2911 1823 2981 exper-

393 3027 496 3109 teque
523 3009 710 3107 prudencie
733 3036 773 3083 ac
796 3010 968 3106 religionis
992 3008 1153 3103 probate,
1181 3012 1232 3078 vir
1261 3007 1438 3079 modestus
1465 3022 1568 3103 atque
1598 3023 1751 3079 sensatus
1783 3034 1823 3079 ac

393 3133 584 3205 humilitate
606 3131 812 3227 profundus,
838 3131 942 3212 sama,
969 3133 1088 3224 gratia,
1113 3132 1259 3200 sciencia
1281 3152 1321 3201 ac
1347 3130 1548 3221 eloquencia
1575 3130 1701 3210 clarus,
1731 3142 1822 3226 gesta

392 3279 532 3353 quoque
546 3266 744 3325 sanctorum
757 3266 792 3324 et
805 3253 990 3324 illustrium
1008 3254 1165 3324 virorum
1177 3276 1216 3323 ac
1231 3254 1447 3346 antiquitates
1471 3249 1605 3322 nobiles
1633 3266 1666 3321 et
1689 3275 1822 3321 memo-

394 3376 516 3448 rabiles
537 3375 666 3472 gerens
696 3377 731 3445 in
761 3389 901 3471 pectore
933 3389 966 3446 et
995 3399 1157 3469 proruens
1191 3376 1229 3445 in
1262 3389 1421 3468 tempore
1453 3387 1626 3468 oportuno
1664 3398 1703 3443 ac
1732 3397 1823 3443 com-

393 3497 561 3571 mendans
588 3522 651 3594 per
675 3500 879 3594 scripturam
911 3499 1079 3568 memorie
1104 3521 1186 3567 cum
1209 3495 1388 3592 diligencia
1416 3520 1460 3566 ne
1487 3496 1654 3590 perirent,
1683 3497 1823 3566 assimu-

392 3623 482 3693 latus
507 3622 648 3717 insuper
674 3622 709 3690 io
737 3618 819 3692 fidei
840 3617 990 3715 fervore,
1016 3621 1052 3689 in
1077 3620 1150 3690 zelo
1176 3644 1215 3689 ac
1240 3620 1432 3689 sinceritate
1461 3617 1647 3713 religionis,
1673 3614 1824 3711 patribus

395 3745 585 3839 primitivis.
604 3742 669 3814 Hic
684 3742 867 3813 exlectore
888 3741 1047 3812 Fratrum
1064 3740 1328 3813 predicatorum
1349 3738 1562 3811 Albien‘sium
1580 3738 1689 3810 iactus
1709 3752 1759 3810 est
1774 3736 1822 3809 ibi

394 3868 498 3961 prior,
521 3879 710 3959 utrumque
728 3863 880 3935 officium
892 3863 1074 3935 lectoratus
1093 3878 1128 3933 et
1136 3864 1324 3959 prioratus,
1343 3862 1469 3933 tam'ibi
1488 3886 1592 3958 quam
1602 3865 1638 3931 in
1652 3875 1825 3932 conventu

394 3986 617 4069 Carcassone,
636 3986 696 4057 ubi
712 3986 839 4083 prefuit
851 3987 945 4082 prior
966 3985 1064 4057 annis
1089 3983 1211 4066 tribus,
1229 3982 1389 4055 videlicet
1406 3983 1516 4055 tribus
1534 3986 1633 4054 annis
1649 3987 1686 4056 in
1704 3983 1822 4064 Albia,

393 4208 426 4261 de
438 4218 505 4262 sorte
518 4226 568 4282 que
583 4208 608 4262 le
620 4211 763 4263 manuscrit
778 4229 811 4265 na
826 4209 955 4266 renierme
971 4208 1033 4285 plus
1045 4210 1073 4263 ni
1148 4192 1266 4270 dchard.
1283 4207 1308 4269 1,
1324 4208 1387 4279 576.
1403 4205 1489 4259 labbe
1501 4206 1586 4287 deruit
1604 4205 1629 4260 la
1649 4205 1826 4260 communica·

394 4300 574 4375 lachronique
583 4301 627 4356 des
637 4320 799 4376 empereurs,
810 4303 838 4356 ni
850 4302 916 4357 celle
924 4302 969 4357 das
980 4321 1073 4376 papea,
1149 4304 1204 4356 tion
1224 4302 1257 4356 de
1273 4320 1302 4355 ce
1323 4318 1444 4355 morceau
1463 4298 1477 4353 i
1497 4298 1619 4366 Francois
1635 4299 1759 4371 Bosquet‚
1780 4298 1825 4371 qui

351 4436 355 4441 .
393 4394 421 4448 ni
436 4394 461 4448 la
473 4395 617 4449 confession
629 4395 661 4449 de
670 4394 822 4469 l’antipape‚
832 4396 981 4450 annoncdes
992 4396 1071 4469 parln
1150 4396 1232 4450 l'auait
1245 4396 1334 4450 trouve
1348 4395 1413 4449 dans
1428 4411 1465 4447 un
1478 4390 1631 4465 exemplaitu
1645 4391 1680 4446 du
1694 4392 1826 4446 Sanctoral

398 4497 458 4543 note
472 4506 525 4561 qne
533 4486 562 4560 je
571 4487 668 4563 public.
1150 4487 1348 4544 conscindebat
1361 4486 1400 4542 las
1418 4486 1542 4543 Jacobins
1554 4485 1731 4541 daToulousc
1743 4515 1779 4526 -
1789 4484 1826 4537 Ia
1915 4502 1918 4507 ·

410 4622 413 4628 ,
436 4584 443 4615 ¹
463 4582 543 4654 Copie
557 4582 594 4635 du
612 4585 668 4638 nr·
682 4550 781 4643 siecle:
794 4599 828 4636 an
840 4581 891 4636 tete
904 4581 942 4636 dn
951 4580 1075 4636 mahtin
1152 4587 1239 4636 meme
1252 4582 1291 4636 rie
1304 4581 1358 4636 doit
1371 4582 1464 4634 existet
1478 4581 1543 4634 duna
1558 4580 1582 4634 le
1599 4599 1649 4633 ms.
1661 4580 1714 4653 296
1730 4576 1827 4632 d'Alco·

397 4675 471 4744 4985
492 4673 563 4729 dela
579 4674 646 4731 Bibl.
666 4684 717 4729 nat
738 4705 775 4717 ·-
792 4674 953 4729 publication
972 4676 1074 4730 incom·
1150 4675 1221 4743 baca.

397 4766 463 4841 plere
487 4768 551 4824 dans
573 4768 676 4831 Labbe.
701 4771 771 4824 Novo
796 4768 952 4829 bibliotheca,
968 4768 1006 4831 11.
1020 4771 1072 4825 512
1188 4770 1198 4802 ³
1218 4768 1299 4842 Voyez
1312 4769 1462 4843 pluahaut‚
1477 4787 1501 4842 p.
1521 4787 1581 4841 ¹7²·

397 4873 424 4916 et
451 4864 519 4926 διο.
536 4875 564 4919 et
587 4865 651 4921 dans
672 4864 710 4920 les
727 4863 864 4939 &uptun
887 4864 920 4919 de
939 4863 1033 4932 Querit
1050 4873 1073 4918 et
1188 4865 1200 4897 ⁸
1220 4861 1334 4918 allusion
1347 4881 1380 4917 nn
1390 4881 1452 4917 nom
1461 4861 1496 4917 de
1504 4859 1668 4938 [Βαῴωὼ

1598 4978 1661 5054 δή·
