<?xml version="1.0" encoding="UTF-8"?>
<!DOCTYPE html PUBLIC "-//W3C//DTD XHTML 1.0 Transitional//EN"
    "http://www.w3.org/TR/xhtml1/DTD/xhtml1-transitional.dtd">
<html xmlns="http://www.w3.org/1999/xhtml" xml:lang="en" lang="en">
 <head>
  <title>
</title>
<meta http-equiv="Content-Type" content="text/html;charset=utf-8" />
  <meta name='ocr-system' content='tesseract 3.04.00' />
  <meta name='ocr-capabilities' content='ocr_page ocr_carea ocr_par ocr_line ocrx_word'/>
</head>
<body>
  <div class='ocr_page' id='page_1' title='image "./noticesurlesman00deligoog_0231.png"; bbox 0 0 4928 6382; ppageno 0'>
   <div class='ocr_carea' id='block_1_1' title="bbox 823 489 1802 578">
    <p class='ocr_par' dir='ltr' id='par_1_1' title="bbox 823 489 1802 578">
     <span class='ocr_line' id='line_1_1' title="bbox 823 489 1802 578; baseline 0.004 -4"><span class='ocrx_word' id='word_1_1' title='bbox 823 490 931 575; x_wconf 89' lang='lat' dir='ltr'><strong>DES</strong></span> <span class='ocrx_word' id='word_1_2' title='bbox 963 489 1354 577; x_wconf 80' lang='lat' dir='ltr'><strong>MANUSCRITS.</strong></span> <span class='ocrx_word' id='word_1_3' title='bbox 1714 492 1802 578; x_wconf 78' lang='lat'><strong>395</strong></span> 
     </span>
    </p>
   </div>
   <div class='ocr_carea' id='block_1_2' title="bbox 1065 788 1117 860">
    <p class='ocr_par' dir='ltr' id='par_1_2' title="bbox 1065 788 1117 860">
     <span class='ocr_line' id='line_1_2' title="bbox 1065 788 1117 860; baseline -0.038 0"><span class='ocrx_word' id='word_1_4' title='bbox 1065 788 1117 860; x_wconf 88' lang='lat' dir='ltr'><strong>XI</strong></span> 
     </span>
    </p>
   </div>
   <div class='ocr_carea' id='block_1_3' title="bbox 419 952 1756 1149">
    <p class='ocr_par' dir='ltr' id='par_1_3' title="bbox 419 952 1756 1149">
     <span class='ocr_line' id='line_1_3' title="bbox 492 952 1689 1024; baseline -0.003 0"><span class='ocrx_word' id='word_1_5' title='bbox 492 975 614 1024; x_wconf 77' lang='lat' dir='ltr'><strong>sarran</strong></span> <span class='ocrx_word' id='word_1_6' title='bbox 633 974 759 1023; x_wconf 72' lang='lat' dir='ltr'><strong>uuuvor</strong></span> <span class='ocrx_word' id='word_1_7' title='bbox 780 973 820 1019; x_wconf 80' lang='lat' dir='ltr'><strong>or</strong></span> <span class='ocrx_word' id='word_1_8' title='bbox 838 970 877 1019; x_wconf 81' lang='lat' dir='ltr'><strong>m</strong></span> <span class='ocrx_word' id='word_1_9' title='bbox 896 968 1111 1019; x_wconf 75' lang='lat' dir='ltr'><strong>conaretrror</strong></span> <span class='ocrx_word' id='word_1_10' title='bbox 1130 971 1187 1018; x_wconf 86' lang='lat' dir='ltr'><strong>soa</strong></span> <span class='ocrx_word' id='word_1_11' title='bbox 1208 970 1383 1019; x_wconf 83' lang='lat' dir='ltr'><strong>uursrorns</strong></span> <span class='ocrx_word' id='word_1_12' title='bbox 1401 971 1460 1019; x_wconf 82' lang='lat' dir='ltr'><strong>oss</strong></span> <span class='ocrx_word' id='word_1_13' title='bbox 1479 952 1689 1021; x_wconf 77' lang='lat' dir='ltr'><strong>nonrrrcsins</strong></span> 
     </span>
     <span class='ocr_line' id='line_1_4' title="bbox 419 1057 1756 1149; baseline -0.001 -6"><span class='ocrx_word' id='word_1_14' title='bbox 419 1075 438 1143; x_wconf 87' lang='lat' dir='ltr'><strong>l</strong></span> <span class='ocrx_word' id='word_1_15' title='bbox 456 1074 558 1145; x_wconf 79' lang='lat' dir='ltr'><strong>rainu</strong></span> <span class='ocrx_word' id='word_1_16' title='bbox 575 1057 759 1144; x_wconf 74' lang='lat' dir='ltr'><strong>certaturis</strong></span> <span class='ocrx_word' id='word_1_17' title='bbox 778 1096 818 1141; x_wconf 81' lang='lat' dir='ltr'><strong>os</strong></span> <span class='ocrx_word' id='word_1_18' title='bbox 836 1093 980 1149; x_wconf 79' lang='lat' dir='ltr'><strong>munna,</strong></span> <span class='ocrx_word' id='word_1_19' title='bbox 999 1091 1190 1141; x_wconf 79' lang='lat' dir='ltr'><strong>rnovrscrsu</strong></span> <span class='ocrx_word' id='word_1_20' title='bbox 1208 1093 1248 1140; x_wconf 83' lang='lat' dir='ltr'><strong>nc</strong></span> <span class='ocrx_word' id='word_1_21' title='bbox 1266 1091 1305 1138; x_wconf 77' lang='lat' dir='ltr'><strong>ce</strong></span> <span class='ocrx_word' id='word_1_22' title='bbox 1324 1092 1481 1141; x_wconf 78' lang='lat' dir='ltr'><strong>recures</strong></span> <span class='ocrx_word' id='word_1_23' title='bbox 1497 1094 1537 1139; x_wconf 81' lang='lat' dir='ltr'><strong>on</strong></span> <span class='ocrx_word' id='word_1_24' title='bbox 1555 1094 1722 1142; x_wconf 80' lang='lat' dir='ltr'><strong>raovrnce</strong></span> <span class='ocrx_word' id='word_1_25' title='bbox 1735 1074 1756 1142; x_wconf 88' lang='lat'><strong>¹.</strong></span> 
     </span>
    </p>
   </div>
   <div class='ocr_carea' id='block_1_4' title="bbox 980 1223 1202 1297">
    <p class='ocr_par' dir='ltr' id='par_1_4' title="bbox 980 1223 1202 1297">
     <span class='ocr_line' id='line_1_5' title="bbox 980 1223 1202 1297; baseline -0.005 -20"><span class='ocrx_word' id='word_1_26' title='bbox 980 1226 1025 1297; x_wconf 50' lang='grc' dir='ltr'><strong>(θ’</strong></span> <span class='ocrx_word' id='word_1_27' title='bbox 1035 1223 1097 1278; x_wconf 83' lang='lat' dir='ltr'><strong>aodt</strong></span> <span class='ocrx_word' id='word_1_28' title='bbox 1110 1224 1202 1295; x_wconf 80' lang='lat'><em>1311.)</em></span> 
     </span>
    </p>
   </div>
   <div class='ocr_carea' id='block_1_5' title="bbox 432 1399 1804 1613">
    <p class='ocr_par' dir='ltr' id='par_1_5' title="bbox 432 1399 1804 1613">
     <span class='ocr_line' id='line_1_6' title="bbox 432 1399 971 1497; baseline -0.015 -24"><span class='ocrx_word' id='word_1_29' title='bbox 432 1401 635 1497; x_wconf 84' lang='lat' dir='ltr'>Exemplum</span> <span class='ocrx_word' id='word_1_30' title='bbox 647 1399 756 1470; x_wconf 86' lang='lat' dir='ltr'><strong>littere</strong></span> <span class='ocrx_word' id='word_1_31' title='bbox 770 1400 971 1468; x_wconf 82' lang='lat' dir='ltr'><strong>transmisse.</strong></span> 
     </span>
     <span class='ocr_line' id='line_1_7' title="bbox 432 1515 1804 1613; baseline -0.004 -20"><span class='ocrx_word' id='word_1_32' title='bbox 432 1520 632 1594; x_wconf 85' lang='lat' dir='ltr'><strong>Reverendo</strong></span> <span class='ocrx_word' id='word_1_33' title='bbox 658 1524 693 1589; x_wconf 90' lang='lat' dir='ltr'><strong>in</strong></span> <span class='ocrx_word' id='word_1_34' title='bbox 718 1518 852 1589; x_wconf 89' lang='lat' dir='ltr'><strong>Christo</strong></span> <span class='ocrx_word' id='word_1_35' title='bbox 878 1520 965 1613; x_wconf 88' lang='lat' dir='ltr'><strong>patri</strong></span> <span class='ocrx_word' id='word_1_36' title='bbox 988 1515 1081 1586; x_wconf 87' lang='lat' dir='ltr'><strong>fratri</strong></span> <span class='ocrx_word' id='word_1_37' title='bbox 1108 1515 1291 1586; x_wconf 90' lang='lat' dir='ltr'><strong>Guillelmo</strong></span> <span class='ocrx_word' id='word_1_38' title='bbox 1315 1515 1357 1587; x_wconf 90' lang='lat' dir='ltr'><strong>de</strong></span> <span class='ocrx_word' id='word_1_39' title='bbox 1382 1515 1566 1597; x_wconf 89' lang='lat' dir='ltr'><strong>Laudun0,</strong></span> <span class='ocrx_word' id='word_1_40' title='bbox 1594 1521 1697 1610; x_wconf 81' lang='lat' dir='ltr'>priori</span> <span class='ocrx_word' id='word_1_41' title='bbox 1726 1542 1804 1612; x_wconf 88' lang='lat' dir='ltr'><strong>pro-</strong></span> 
     </span>
    </p>
   </div>
   <div class='ocr_carea' id='block_1_6' title="bbox 356 1635 1804 4627">
    <p class='ocr_par' dir='ltr' id='par_1_6' title="bbox 356 1635 1804 4627">
     <span class='ocr_line' id='line_1_8' title="bbox 378 1635 1804 1732; baseline -0.006 -17"><span class='ocrx_word' id='word_1_42' title='bbox 378 1642 514 1716; x_wconf 85' lang='lat' dir='ltr'><strong>vinciali</strong></span> <span class='ocrx_word' id='word_1_43' title='bbox 528 1640 670 1711; x_wconf 75' lang='lat' dir='ltr'>fratrum</span> <span class='ocrx_word' id='word_1_44' title='bbox 687 1638 813 1711; x_wconf 80' lang='lat' dir='ltr'><strong>ordinis</strong></span> <span class='ocrx_word' id='word_1_45' title='bbox 829 1638 1084 1709; x_wconf 75' lang='lat' dir='ltr'><strong>predicatorum</strong></span> <span class='ocrx_word' id='word_1_46' title='bbox 1100 1640 1136 1706; x_wconf 93' lang='lat' dir='ltr'><strong>in</strong></span> <span class='ocrx_word' id='word_1_47' title='bbox 1150 1639 1320 1732; x_wconf 82' lang='lat' dir='ltr'><strong>provincia</strong></span> <span class='ocrx_word' id='word_1_48' title='bbox 1337 1635 1529 1715; x_wconf 82' lang='lat' dir='ltr'><strong>Provincia,</strong></span> <span class='ocrx_word' id='word_1_49' title='bbox 1547 1635 1650 1706; x_wconf 87' lang='lat' dir='ltr'><strong>frater</strong></span> <span class='ocrx_word' id='word_1_50' title='bbox 1664 1637 1804 1707; x_wconf 89' lang='lat' dir='ltr'><strong>Bernar-</strong></span> 
     </span>
     <span class='ocr_line' id='line_1_9' title="bbox 380 1757 1804 1857; baseline -0.004 -23"><span class='ocrx_word' id='word_1_51' title='bbox 380 1764 445 1834; x_wconf 91' lang='lat' dir='ltr'><strong>dus</strong></span> <span class='ocrx_word' id='word_1_52' title='bbox 462 1761 643 1842; x_wconf 87' lang='lat' dir='ltr'><strong>Gnidonis,</strong></span> <span class='ocrx_word' id='word_1_53' title='bbox 665 1759 819 1857; x_wconf 88' lang='lat' dir='ltr'><strong>ejusdem</strong></span> <span class='ocrx_word' id='word_1_54' title='bbox 842 1759 985 1841; x_wconf 89' lang='lat' dir='ltr'><strong>ordinis,</strong></span> <span class='ocrx_word' id='word_1_55' title='bbox 1005 1762 1183 1853; x_wconf 82' lang='lat' dir='ltr'><strong>inquisitor</strong></span> <span class='ocrx_word' id='word_1_56' title='bbox 1199 1757 1430 1839; x_wconf 85' lang='lat' dir='ltr'><strong>Tholosanus,</strong></span> <span class='ocrx_word' id='word_1_57' title='bbox 1456 1771 1569 1827; x_wconf 88' lang='lat' dir='ltr'><strong>eterne</strong></span> <span class='ocrx_word' id='word_1_58' title='bbox 1591 1759 1704 1829; x_wconf 83' lang='lat' dir='ltr'><strong>salutis</strong></span> <span class='ocrx_word' id='word_1_59' title='bbox 1726 1784 1804 1854; x_wconf 82' lang='lat' dir='ltr'><strong>gau-</strong></span> 
     </span>
     <span class='ocr_line' id='line_1_10' title="bbox 380 1878 1803 1974; baseline -0.004 -19"><span class='ocrx_word' id='word_1_60' title='bbox 380 1885 477 1955; x_wconf 89' lang='lat' dir='ltr'><strong>dium</strong></span> <span class='ocrx_word' id='word_1_61' title='bbox 493 1900 527 1954; x_wconf 88' lang='lat' dir='ltr'><strong>et</strong></span> <span class='ocrx_word' id='word_1_62' title='bbox 545 1883 790 1954; x_wconf 88' lang='lat' dir='ltr'><strong>munusculum</strong></span> <span class='ocrx_word' id='word_1_63' title='bbox 807 1884 936 1950; x_wconf 88' lang='lat' dir='ltr'><strong>sineere</strong></span> <span class='ocrx_word' id='word_1_64' title='bbox 959 1883 994 1948; x_wconf 92' lang='lat' dir='ltr'><strong>in</strong></span> <span class='ocrx_word' id='word_1_65' title='bbox 1011 1880 1163 1950; x_wconf 91' lang='lat' dir='ltr'><strong>Domino</strong></span> <span class='ocrx_word' id='word_1_66' title='bbox 1181 1880 1335 1949; x_wconf 86' lang='lat' dir='ltr'><strong>caritatis.</strong></span> <span class='ocrx_word' id='word_1_67' title='bbox 1355 1879 1524 1974; x_wconf 78' lang='lat' dir='ltr'><strong>Cogitanti</strong></span> <span class='ocrx_word' id='word_1_68' title='bbox 1542 1904 1581 1949; x_wconf 90' lang='lat' dir='ltr'><strong>ac</strong></span> <span class='ocrx_word' id='word_1_69' title='bbox 1601 1878 1803 1950; x_wconf 78' lang='lat' dir='ltr'><strong>desideranti</strong></span> 
     </span>
     <span class='ocr_line' id='line_1_11' title="bbox 380 1998 1803 2097; baseline -0.004 -22"><span class='ocrx_word' id='word_1_70' title='bbox 380 2004 483 2075; x_wconf 87' lang='lat' dir='ltr'><strong>michi</strong></span> <span class='ocrx_word' id='word_1_71' title='bbox 505 2018 612 2077; x_wconf 78' lang='lat' dir='ltr'><strong>vestre</strong></span> <span class='ocrx_word' id='word_1_72' title='bbox 634 2018 773 2097; x_wconf 88' lang='lat' dir='ltr'><strong>paterne</strong></span> <span class='ocrx_word' id='word_1_73' title='bbox 795 2004 921 2071; x_wconf 84' lang='lat' dir='ltr'><strong>caritati</strong></span> <span class='ocrx_word' id='word_1_74' title='bbox 944 2003 1116 2096; x_wconf 80' lang='lat' dir='ltr'><strong>quispiam</strong></span> <span class='ocrx_word' id='word_1_75' title='bbox 1134 1998 1256 2070; x_wconf 84' lang='lat' dir='ltr'><strong>offerre</strong></span> <span class='ocrx_word' id='word_1_76' title='bbox 1278 2014 1410 2093; x_wconf 58' lang='lat' dir='ltr'><strong>matum</strong></span> <span class='ocrx_word' id='word_1_77' title='bbox 1434 2015 1468 2069; x_wconf 85' lang='lat' dir='ltr'><strong>et</strong></span> <span class='ocrx_word' id='word_1_78' title='bbox 1488 2000 1669 2094; x_wconf 85' lang='lat' dir='ltr'><strong>placitum,</strong></span> <span class='ocrx_word' id='word_1_79' title='bbox 1695 2026 1803 2070; x_wconf 90' lang='lat' dir='ltr'><strong>unum</strong></span> 
     </span>
     <span class='ocr_line' id='line_1_12' title="bbox 380 2120 1804 2215; baseline -0.005 -18"><span class='ocrx_word' id='word_1_80' title='bbox 380 2129 526 2197; x_wconf 83' lang='lat' dir='ltr'><strong>occurrit</strong></span> <span class='ocrx_word' id='word_1_81' title='bbox 545 2128 658 2194; x_wconf 90' lang='lat' dir='ltr'><strong>animo</strong></span> <span class='ocrx_word' id='word_1_82' title='bbox 676 2126 724 2193; x_wconf 89' lang='lat' dir='ltr'><strong>sic</strong></span> <span class='ocrx_word' id='word_1_83' title='bbox 741 2120 860 2192; x_wconf 85' lang='lat' dir='ltr'><strong>affecto</strong></span> <span class='ocrx_word' id='word_1_84' title='bbox 874 2136 911 2190; x_wconf 90' lang='lat' dir='ltr'><strong>ut</strong></span> <span class='ocrx_word' id='word_1_85' title='bbox 924 2120 1020 2193; x_wconf 83' lang='lat' dir='ltr'><strong>vobis</strong></span> <span class='ocrx_word' id='word_1_86' title='bbox 1037 2124 1297 2190; x_wconf 86' lang='lat' dir='ltr'><strong>transmitterem</strong></span> <span class='ocrx_word' id='word_1_87' title='bbox 1314 2134 1505 2215; x_wconf 83' lang='lat' dir='ltr'><strong>presentem</strong></span> <span class='ocrx_word' id='word_1_88' title='bbox 1523 2120 1665 2199; x_wconf 82' lang='lat' dir='ltr'><strong>librum,</strong></span> <span class='ocrx_word' id='word_1_89' title='bbox 1685 2120 1804 2205; x_wconf 87' lang='lat' dir='ltr'><strong>collec-</strong></span> 
     </span>
     <span class='ocr_line' id='line_1_13' title="bbox 378 2239 1804 2336; baseline -0.005 -20"><span class='ocrx_word' id='word_1_90' title='bbox 378 2260 453 2316; x_wconf 91' lang='lat' dir='ltr'><strong>tum</strong></span> <span class='ocrx_word' id='word_1_91' title='bbox 469 2273 485 2316; x_wconf 89' lang='lat' dir='ltr'><strong>a</strong></span> <span class='ocrx_word' id='word_1_92' title='bbox 503 2271 574 2324; x_wconf 90' lang='lat' dir='ltr'><strong>me,</strong></span> <span class='ocrx_word' id='word_1_93' title='bbox 589 2242 787 2314; x_wconf 88' lang='lat' dir='ltr'><strong>babendum</strong></span> <span class='ocrx_word' id='word_1_94' title='bbox 801 2267 862 2336; x_wconf 91' lang='lat' dir='ltr'><strong>pro</strong></span> <span class='ocrx_word' id='word_1_95' title='bbox 877 2240 971 2313; x_wconf 89' lang='lat' dir='ltr'><strong>vobis</strong></span> <span class='ocrx_word' id='word_1_96' title='bbox 987 2267 1026 2312; x_wconf 90' lang='lat' dir='ltr'><strong>ac</strong></span> <span class='ocrx_word' id='word_1_97' title='bbox 1042 2244 1158 2313; x_wconf 85' lang='lat' dir='ltr'><strong>vestris</strong></span> <span class='ocrx_word' id='word_1_98' title='bbox 1172 2240 1417 2310; x_wconf 87' lang='lat' dir='ltr'><strong>successoribus</strong></span> <span class='ocrx_word' id='word_1_99' title='bbox 1432 2243 1468 2308; x_wconf 93' lang='lat' dir='ltr'><strong>in</strong></span> <span class='ocrx_word' id='word_1_100' title='bbox 1486 2239 1599 2309; x_wconf 86' lang='lat' dir='ltr'><strong>officio</strong></span> <span class='ocrx_word' id='word_1_101' title='bbox 1616 2243 1804 2334; x_wconf 83' lang='lat' dir='ltr'><strong>provincia·</strong></span> 
     </span>
     <span class='ocr_line' id='line_1_14' title="bbox 378 2360 1803 2458; baseline -0.004 -22"><span class='ocrx_word' id='word_1_102' title='bbox 378 2368 463 2438; x_wconf 88' lang='lat' dir='ltr'><strong>latus</strong></span> <span class='ocrx_word' id='word_1_103' title='bbox 484 2380 592 2435; x_wconf 86' lang='lat' dir='ltr'><strong>vestre</strong></span> <span class='ocrx_word' id='word_1_104' title='bbox 609 2366 782 2458; x_wconf 82' lang='lat' dir='ltr'><strong>provincie</strong></span> <span class='ocrx_word' id='word_1_105' title='bbox 799 2376 995 2434; x_wconf 88' lang='lat' dir='ltr'><strong>memorate.</strong></span> <span class='ocrx_word' id='word_1_106' title='bbox 1017 2363 1058 2432; x_wconf 90' lang='lat' dir='ltr'><strong>ln</strong></span> <span class='ocrx_word' id='word_1_107' title='bbox 1080 2386 1149 2457; x_wconf 93' lang='lat' dir='ltr'><strong>quo</strong></span> <span class='ocrx_word' id='word_1_108' title='bbox 1168 2365 1195 2430; x_wconf 89' lang='lat' dir='ltr'><strong>si</strong></span> <span class='ocrx_word' id='word_1_109' title='bbox 1215 2364 1411 2456; x_wconf 88' lang='lat' dir='ltr'><strong>queminus</strong></span> <span class='ocrx_word' id='word_1_110' title='bbox 1429 2360 1517 2431; x_wconf 89' lang='lat' dir='ltr'><strong>bene</strong></span> <span class='ocrx_word' id='word_1_111' title='bbox 1535 2364 1643 2456; x_wconf 88' lang='lat' dir='ltr'><strong>posite</strong></span> <span class='ocrx_word' id='word_1_112' title='bbox 1662 2361 1723 2430; x_wconf 55' lang='lat' dir='ltr'><strong>vel*</strong></span> <span class='ocrx_word' id='word_1_113' title='bbox 1736 2363 1803 2432; x_wconf 89' lang='lat' dir='ltr'><strong>col·</strong></span> 
     </span>
     <span class='ocr_line' id='line_1_15' title="bbox 379 2480 1801 2577; baseline -0.004 -21"><span class='ocrx_word' id='word_1_114' title='bbox 379 2488 463 2556; x_wconf 85' lang='lat' dir='ltr'><strong>lecta</strong></span> <span class='ocrx_word' id='word_1_115' title='bbox 482 2483 806 2567; x_wconf 57' lang='lat' dir='ltr'><strong>vidente-obsecro</strong></span> <span class='ocrx_word' id='word_1_116' title='bbox 824 2497 863 2552; x_wconf 89' lang='lat' dir='ltr'><strong>ut</strong></span> <span class='ocrx_word' id='word_1_117' title='bbox 877 2483 981 2553; x_wconf 86' lang='lat' dir='ltr'><strong>libere</strong></span> <span class='ocrx_word' id='word_1_118' title='bbox 996 2484 1183 2576; x_wconf 71' lang='lat' dir='ltr'><strong>corrigatis,</strong></span> <span class='ocrx_word' id='word_1_119' title='bbox 1199 2480 1345 2576; x_wconf 90' lang='lat' dir='ltr'><strong>plurima</strong></span> <span class='ocrx_word' id='word_1_120' title='bbox 1360 2506 1440 2552; x_wconf 89' lang='lat' dir='ltr'><strong>vero</strong></span> <span class='ocrx_word' id='word_1_121' title='bbox 1458 2507 1525 2577; x_wconf 89' lang='lat' dir='ltr'><strong>que</strong></span> <span class='ocrx_word' id='word_1_122' title='bbox 1543 2480 1679 2562; x_wconf 84' lang='lat' dir='ltr'><strong>desunt,</strong></span> <span class='ocrx_word' id='word_1_123' title='bbox 1697 2496 1801 2551; x_wconf 84' lang='lat' dir='ltr'><strong>vestra</strong></span> 
     </span>
     <span class='ocr_line' id='line_1_16' title="bbox 378 2601 1801 2702; baseline -0.004 -25"><span class='ocrx_word' id='word_1_124' title='bbox 378 2634 416 2677; x_wconf 91' lang='lat' dir='ltr'><strong>ac</strong></span> <span class='ocrx_word' id='word_1_125' title='bbox 436 2611 589 2702; x_wconf 88' lang='lat' dir='ltr'><strong>ipsorum</strong></span> <span class='ocrx_word' id='word_1_126' title='bbox 609 2604 801 2676; x_wconf 85' lang='lat' dir='ltr'><strong>sollicitudo</strong></span> <span class='ocrx_word' id='word_1_127' title='bbox 825 2618 919 2674; x_wconf 90' lang='lat' dir='ltr'><strong>curet</strong></span> <span class='ocrx_word' id='word_1_128' title='bbox 936 2629 1000 2699; x_wconf 92' lang='lat' dir='ltr'><strong>pro</strong></span> <span class='ocrx_word' id='word_1_129' title='bbox 1015 2618 1171 2698; x_wconf 87' lang='lat' dir='ltr'><strong>tempore</strong></span> <span class='ocrx_word' id='word_1_130' title='bbox 1188 2601 1350 2697; x_wconf 86' lang='lat' dir='ltr'><strong>perficere</strong></span> <span class='ocrx_word' id='word_1_131' title='bbox 1371 2617 1405 2672; x_wconf 88' lang='lat' dir='ltr'><strong>et</strong></span> <span class='ocrx_word' id='word_1_132' title='bbox 1422 2602 1594 2697; x_wconf 89' lang='lat' dir='ltr'><strong>complere</strong></span> <span class='ocrx_word' id='word_1_133' title='bbox 1616 2616 1649 2672; x_wconf 87' lang='lat' dir='ltr'><strong>et</strong></span> <span class='ocrx_word' id='word_1_134' title='bbox 1671 2602 1801 2673; x_wconf 86' lang='lat' dir='ltr'><strong>edicere</strong></span> 
     </span>
     <span class='ocr_line' id='line_1_17' title="bbox 379 2721 1801 2822; baseline -0.003 -26"><span class='ocrx_word' id='word_1_135' title='bbox 379 2730 531 2822; x_wconf 86' lang='lat' dir='ltr'><strong>pociora,</strong></span> <span class='ocrx_word' id='word_1_136' title='bbox 554 2730 699 2795; x_wconf 87' lang='lat' dir='ltr'><strong>maxime</strong></span> <span class='ocrx_word' id='word_1_137' title='bbox 721 2724 834 2821; x_wconf 69' lang='lat' dir='ltr'><strong>quom</strong></span> <span class='ocrx_word' id='word_1_138' title='bbox 859 2738 1043 2797; x_wconf 85' lang='lat' dir='ltr'><strong>conventus</strong></span> <span class='ocrx_word' id='word_1_139' title='bbox 1072 2737 1179 2795; x_wconf 85' lang='lat' dir='ltr'><strong>vestre</strong></span> <span class='ocrx_word' id='word_1_140' title='bbox 1206 2725 1396 2818; x_wconf 86' lang='lat' dir='ltr'><strong>provincie,</strong></span> <span class='ocrx_word' id='word_1_141' title='bbox 1419 2749 1438 2792; x_wconf 89' lang='lat' dir='ltr'><strong>a</strong></span> <span class='ocrx_word' id='word_1_142' title='bbox 1463 2723 1587 2818; x_wconf 89' lang='lat' dir='ltr'><strong>quibus</strong></span> <span class='ocrx_word' id='word_1_143' title='bbox 1616 2747 1677 2817; x_wconf 84' lang='lat' dir='ltr'><strong>ego</strong></span> <span class='ocrx_word' id='word_1_144' title='bbox 1703 2721 1801 2793; x_wconf 85' lang='lat' dir='ltr'><strong>locali</strong></span> 
     </span>
     <span class='ocr_line' id='line_1_18' title="bbox 377 2842 1801 2940; baseline -0.002 -24"><span class='ocrx_word' id='word_1_145' title='bbox 377 2845 539 2916; x_wconf 81' lang='lat' dir='ltr'><strong>distansia</strong></span> <span class='ocrx_word' id='word_1_146' title='bbox 553 2846 740 2940; x_wconf 77' lang='lat' dir='ltr'><strong>elongatus,</strong></span> <span class='ocrx_word' id='word_1_147' title='bbox 757 2844 960 2939; x_wconf 87' lang='lat' dir='ltr'><strong>precordiali</strong></span> <span class='ocrx_word' id='word_1_148' title='bbox 980 2859 1092 2915; x_wconf 90' lang='lat' dir='ltr'><strong>tamen</strong></span> <span class='ocrx_word' id='word_1_149' title='bbox 1106 2843 1219 2916; x_wconf 90' lang='lat' dir='ltr'><strong>federe</strong></span> <span class='ocrx_word' id='word_1_150' title='bbox 1230 2847 1388 2939; x_wconf 86' lang='lat' dir='ltr'><strong>junctus,</strong></span> <span class='ocrx_word' id='word_1_151' title='bbox 1405 2869 1511 2938; x_wconf 89' lang='lat' dir='ltr'><strong>pauca</strong></span> <span class='ocrx_word' id='word_1_152' title='bbox 1518 2842 1669 2938; x_wconf 87' lang='lat' dir='ltr'><strong>quedam</strong></span> <span class='ocrx_word' id='word_1_153' title='bbox 1677 2868 1745 2938; x_wconf 89' lang='lat' dir='ltr'><strong>que</strong></span> <span class='ocrx_word' id='word_1_154' title='bbox 1758 2842 1801 2914; x_wconf 95' lang='lat' dir='ltr'><strong>de</strong></span> 
     </span>
     <span class='ocr_line' id='line_1_19' title="bbox 356 2964 1801 3062; baseline -0.001 -26"><span class='ocrx_word' id='word_1_155' title='bbox 356 2971 532 3062; x_wconf 73' lang='lat' dir='ltr'><strong>‘ipsorum</strong></span> <span class='ocrx_word' id='word_1_156' title='bbox 547 2965 752 3036; x_wconf 84' lang='lat' dir='ltr'><strong>fundacione</strong></span> <span class='ocrx_word' id='word_1_157' title='bbox 766 2981 799 3036; x_wconf 88' lang='lat' dir='ltr'><strong>et</strong></span> <span class='ocrx_word' id='word_1_158' title='bbox 813 2981 967 3059; x_wconf 80' lang='lat' dir='ltr'><strong>tempore</strong></span> <span class='ocrx_word' id='word_1_159' title='bbox 983 2980 1015 3033; x_wconf 87' lang='lat' dir='ltr'><strong>et</strong></span> <span class='ocrx_word' id='word_1_160' title='bbox 1027 2964 1197 3060; x_wconf 91' lang='lat' dir='ltr'><strong>prioribus</strong></span> <span class='ocrx_word' id='word_1_161' title='bbox 1212 2965 1405 3058; x_wconf 89' lang='lat' dir='ltr'><strong>aliquorum</strong></span> <span class='ocrx_word' id='word_1_162' title='bbox 1420 2966 1570 3035; x_wconf 88' lang='lat' dir='ltr'><strong>invenire</strong></span> <span class='ocrx_word' id='word_1_163' title='bbox 1584 2967 1681 3057; x_wconf 89' lang='lat' dir='ltr'><strong>potui</strong></span> <span class='ocrx_word' id='word_1_164' title='bbox 1696 2965 1801 3035; x_wconf 90' lang='lat' dir='ltr'><strong>recol-</strong></span> 
     </span>
     <span class='ocr_line' id='line_1_20' title="bbox 378 3084 1802 3182; baseline 0.001 -27"><span class='ocrx_word' id='word_1_165' title='bbox 378 3087 457 3182; x_wconf 84' lang='lat' dir='ltr'><strong>legi,</strong></span> <span class='ocrx_word' id='word_1_166' title='bbox 474 3101 512 3155; x_wconf 92' lang='lat' dir='ltr'><strong>ut</strong></span> <span class='ocrx_word' id='word_1_167' title='bbox 531 3085 617 3156; x_wconf 88' lang='lat' dir='ltr'><strong>infra</strong></span> <span class='ocrx_word' id='word_1_168' title='bbox 633 3085 790 3180; x_wconf 87' lang='lat' dir='ltr'><strong>liquebit,</strong></span> <span class='ocrx_word' id='word_1_169' title='bbox 811 3084 855 3154; x_wconf 91' lang='lat' dir='ltr'><strong>ad</strong></span> <span class='ocrx_word' id='word_1_170' title='bbox 874 3089 1076 3155; x_wconf 88' lang='lat' dir='ltr'><strong>memoriam</strong></span> <span class='ocrx_word' id='word_1_171' title='bbox 1094 3100 1324 3179; x_wconf 88' lang='lat' dir='ltr'><strong>posterorum,</strong></span> <span class='ocrx_word' id='word_1_172' title='bbox 1344 3098 1396 3164; x_wconf 90' lang='lat' dir='ltr'><strong>ut,</strong></span> <span class='ocrx_word' id='word_1_173' title='bbox 1419 3087 1593 3155; x_wconf 88' lang='lat' dir='ltr'><strong>occasione</strong></span> <span class='ocrx_word' id='word_1_174' title='bbox 1611 3098 1746 3178; x_wconf 90' lang='lat' dir='ltr'><strong>sumpta</strong></span> <span class='ocrx_word' id='word_1_175' title='bbox 1763 3111 1802 3158; x_wconf 77' lang='lat' dir='ltr'><strong>es</strong></span> 
     </span>
     <span class='ocr_line' id='line_1_21' title="bbox 377 3204 1801 3301; baseline -0.001 -25"><span class='ocrx_word' id='word_1_176' title='bbox 377 3211 439 3287; x_wconf 89' lang='lat' dir='ltr'><strong>eis,</strong></span> <span class='ocrx_word' id='word_1_177' title='bbox 458 3233 520 3300; x_wconf 88' lang='lat' dir='ltr'><strong>per</strong></span> <span class='ocrx_word' id='word_1_178' title='bbox 536 3221 649 3279; x_wconf 29' lang='lat' dir='ltr'><strong>vostat</strong></span> <span class='ocrx_word' id='word_1_179' title='bbox 668 3231 730 3300; x_wconf 88' lang='lat' dir='ltr'><strong>per</strong></span> <span class='ocrx_word' id='word_1_180' title='bbox 746 3206 828 3276; x_wconf 88' lang='lat' dir='ltr'><strong>alios</strong></span> <span class='ocrx_word' id='word_1_181' title='bbox 846 3209 905 3301; x_wconf 90' lang='lat' dir='ltr'><strong>qui</strong></span> <span class='ocrx_word' id='word_1_182' title='bbox 929 3222 1096 3278; x_wconf 84' lang='lat' dir='ltr'><strong>noverunt</strong></span> <span class='ocrx_word' id='word_1_183' title='bbox 1112 3205 1245 3301; x_wconf 88' lang='lat' dir='ltr'><strong>plenius</strong></span> <span class='ocrx_word' id='word_1_184' title='bbox 1262 3204 1499 3299; x_wconf 88' lang='lat' dir='ltr'><strong>compleantur</strong></span> <span class='ocrx_word' id='word_1_185' title='bbox 1517 3204 1692 3275; x_wconf 78' lang='lat' dir='ltr'><strong>etmclius</strong></span> <span class='ocrx_word' id='word_1_186' title='bbox 1715 3204 1801 3275; x_wconf 67' lang='lat' dir='ltr'><strong>ordi&lt;</strong></span> 
     </span>
     <span class='ocr_line' id='line_1_22' title="bbox 377 3325 1800 3422; baseline 0.002 -26"><span class='ocrx_word' id='word_1_187' title='bbox 377 3340 511 3396; x_wconf 87' lang='lat' dir='ltr'><strong>nentur.</strong></span> <span class='ocrx_word' id='word_1_188' title='bbox 531 3326 603 3396; x_wconf 82' lang='lat' dir='ltr'><strong>llec</strong></span> <span class='ocrx_word' id='word_1_189' title='bbox 629 3325 740 3396; x_wconf 83' lang='lat' dir='ltr'><strong>forsan</strong></span> <span class='ocrx_word' id='word_1_190' title='bbox 758 3326 926 3422; x_wconf 89' lang='lat' dir='ltr'><strong>aliquibus</strong></span> <span class='ocrx_word' id='word_1_191' title='bbox 945 3330 1087 3396; x_wconf 92' lang='lat' dir='ltr'><strong>minima</strong></span> <span class='ocrx_word' id='word_1_192' title='bbox 1109 3341 1167 3397; x_wconf 89' lang='lat' dir='ltr'><strong>aut</strong></span> <span class='ocrx_word' id='word_1_193' title='bbox 1188 3329 1302 3396; x_wconf 90' lang='lat' dir='ltr'><strong>minus</strong></span> <span class='ocrx_word' id='word_1_194' title='bbox 1322 3326 1416 3396; x_wconf 82' lang='lat' dir='ltr'><strong>utilia</strong></span> <span class='ocrx_word' id='word_1_195' title='bbox 1438 3325 1800 3409; x_wconf 66' lang='lat' dir='ltr'><strong>videbunttuaverum</strong></span> 
     </span>
     <span class='ocr_line' id='line_1_23' title="bbox 377 3447 1801 3543; baseline 0 -26"><span class='ocrx_word' id='word_1_196' title='bbox 377 3473 446 3518; x_wconf 92' lang='lat' dir='ltr'><strong>non</strong></span> <span class='ocrx_word' id='word_1_197' title='bbox 468 3452 611 3519; x_wconf 91' lang='lat' dir='ltr'><strong>omnino</strong></span> <span class='ocrx_word' id='word_1_198' title='bbox 626 3447 815 3542; x_wconf 85' lang='lat' dir='ltr'><strong>spernenda</strong></span> <span class='ocrx_word' id='word_1_199' title='bbox 829 3464 923 3530; x_wconf 89' lang='lat' dir='ltr'><strong>sunt,</strong></span> <span class='ocrx_word' id='word_1_200' title='bbox 945 3452 1023 3543; x_wconf 89' lang='lat' dir='ltr'><strong>quia</strong></span> <span class='ocrx_word' id='word_1_201' title='bbox 1042 3447 1086 3519; x_wconf 91' lang='lat' dir='ltr'><strong>de</strong></span> <span class='ocrx_word' id='word_1_202' title='bbox 1107 3447 1218 3518; x_wconf 85' lang='lat' dir='ltr'><strong>radice</strong></span> <span class='ocrx_word' id='word_1_203' title='bbox 1235 3447 1409 3542; x_wconf 86' lang='lat' dir='ltr'><strong>prodeunt</strong></span> <span class='ocrx_word' id='word_1_204' title='bbox 1430 3449 1575 3517; x_wconf 87' lang='lat' dir='ltr'><strong>caritatis</strong></span> <span class='ocrx_word' id='word_1_205' title='bbox 1591 3458 1801 3543; x_wconf 83' lang='lat' dir='ltr'><strong>possuntque</strong></span> 
     </span>
     <span class='ocr_line' id='line_1_24' title="bbox 378 3567 1800 3664; baseline 0.001 -27"><span class='ocrx_word' id='word_1_206' title='bbox 378 3594 447 3638; x_wconf 89' lang='lat' dir='ltr'><strong>esse</strong></span> <span class='ocrx_word' id='word_1_207' title='bbox 465 3572 500 3639; x_wconf 95' lang='lat' dir='ltr'><strong>in</strong></span> <span class='ocrx_word' id='word_1_208' title='bbox 519 3567 674 3663; x_wconf 90' lang='lat' dir='ltr'><strong>pluribus</strong></span> <span class='ocrx_word' id='word_1_209' title='bbox 695 3568 870 3651; x_wconf 85' lang='lat' dir='ltr'><strong>directiva,</strong></span> <span class='ocrx_word' id='word_1_210' title='bbox 896 3584 929 3639; x_wconf 91' lang='lat' dir='ltr'><strong>et</strong></span> <span class='ocrx_word' id='word_1_211' title='bbox 949 3570 1107 3639; x_wconf 89' lang='lat' dir='ltr'><strong>nonnulli</strong></span> <span class='ocrx_word' id='word_1_212' title='bbox 1125 3569 1238 3641; x_wconf 87' lang='lat' dir='ltr'><strong>devoti</strong></span> <span class='ocrx_word' id='word_1_213' title='bbox 1256 3569 1490 3641; x_wconf 86' lang='lat' dir='ltr'><strong>edifficationis</strong></span> <span class='ocrx_word' id='word_1_214' title='bbox 1509 3572 1685 3641; x_wconf 85' lang='lat' dir='ltr'><strong>materiam</strong></span> <span class='ocrx_word' id='word_1_215' title='bbox 1707 3594 1800 3664; x_wconf 79' lang='lat' dir='ltr'><strong>repe.</strong></span> 
     </span>
     <span class='ocr_line' id='line_1_25' title="bbox 377 3689 1800 3786; baseline 0.001 -29"><span class='ocrx_word' id='word_1_216' title='bbox 377 3693 466 3760; x_wconf 89' lang='lat' dir='ltr'><strong>rient</strong></span> <span class='ocrx_word' id='word_1_217' title='bbox 483 3692 517 3758; x_wconf 92' lang='lat' dir='ltr'><strong>in</strong></span> <span class='ocrx_word' id='word_1_218' title='bbox 536 3689 705 3786; x_wconf 86' lang='lat' dir='ltr'><strong>aliquibus</strong></span> <span class='ocrx_word' id='word_1_219' title='bbox 721 3717 759 3760; x_wconf 84' lang='lat' dir='ltr'><strong>ex</strong></span> <span class='ocrx_word' id='word_1_220' title='bbox 779 3690 917 3762; x_wconf 85' lang='lat' dir='ltr'><strong>eisdem.</strong></span> <span class='ocrx_word' id='word_1_221' title='bbox 937 3691 1013 3761; x_wconf 91' lang='lat' dir='ltr'><strong>Non</strong></span> <span class='ocrx_word' id='word_1_222' title='bbox 1032 3693 1124 3760; x_wconf 88' lang='lat' dir='ltr'><strong>enirn</strong></span> <span class='ocrx_word' id='word_1_223' title='bbox 1142 3694 1257 3760; x_wconf 85' lang='lat' dir='ltr'><strong>omnia</strong></span> <span class='ocrx_word' id='word_1_224' title='bbox 1275 3689 1433 3761; x_wconf 89' lang='lat' dir='ltr'><strong>omnibus</strong></span> <span class='ocrx_word' id='word_1_225' title='bbox 1451 3689 1599 3784; x_wconf 90' lang='lat' dir='ltr'><strong>placent,</strong></span> <span class='ocrx_word' id='word_1_226' title='bbox 1619 3713 1683 3760; x_wconf 89' lang='lat' dir='ltr'><strong>nec</strong></span> <span class='ocrx_word' id='word_1_227' title='bbox 1702 3714 1800 3784; x_wconf 88' lang='lat' dir='ltr'><strong>equa-</strong></span> 
     </span>
     <span class='ocr_line' id='line_1_26' title="bbox 376 3808 1800 3907; baseline 0.001 -30"><span class='ocrx_word' id='word_1_228' title='bbox 376 3809 451 3880; x_wconf 87' lang='lat' dir='ltr'><strong>liter</strong></span> <span class='ocrx_word' id='word_1_229' title='bbox 467 3810 605 3906; x_wconf 79' lang='lat' dir='ltr'><strong>singulis</strong></span> <span class='ocrx_word' id='word_1_230' title='bbox 622 3814 756 3905; x_wconf 88' lang='lat' dir='ltr'><strong>sapiunt</strong></span> <span class='ocrx_word' id='word_1_231' title='bbox 773 3814 943 3894; x_wconf 72' lang='lat' dir='ltr'><strong>universa,</strong></span> <span class='ocrx_word' id='word_1_232' title='bbox 968 3824 1001 3880; x_wconf 89' lang='lat' dir='ltr'><strong>et</strong></span> <span class='ocrx_word' id='word_1_233' title='bbox 1024 3838 1090 3907; x_wconf 88' lang='lat' dir='ltr'><strong>que</strong></span> <span class='ocrx_word' id='word_1_234' title='bbox 1113 3836 1183 3881; x_wconf 89' lang='lat' dir='ltr'><strong>uno</strong></span> <span class='ocrx_word' id='word_1_235' title='bbox 1204 3824 1357 3907; x_wconf 88' lang='lat' dir='ltr'><strong>tempore</strong></span> <span class='ocrx_word' id='word_1_236' title='bbox 1380 3810 1558 3904; x_wconf 88' lang='lat' dir='ltr'><strong>displicent</strong></span> <span class='ocrx_word' id='word_1_237' title='bbox 1578 3823 1609 3879; x_wconf 87' lang='lat' dir='ltr'><strong>et</strong></span> <span class='ocrx_word' id='word_1_238' title='bbox 1629 3808 1800 3903; x_wconf 90' lang='lat' dir='ltr'><strong>desipiunt</strong></span> 
     </span>
     <span class='ocr_line' id='line_1_27' title="bbox 377 3929 1796 4026; baseline -0.001 -28"><span class='ocrx_word' id='word_1_239' title='bbox 377 3931 492 4010; x_wconf 88' lang='lat' dir='ltr'><strong>alicui,</strong></span> <span class='ocrx_word' id='word_1_240' title='bbox 513 3930 686 4001; x_wconf 89' lang='lat' dir='ltr'><strong>interdum</strong></span> <span class='ocrx_word' id='word_1_241' title='bbox 702 3930 746 4000; x_wconf 90' lang='lat' dir='ltr'><strong>ab</strong></span> <span class='ocrx_word' id='word_1_242' title='bbox 766 3930 888 4002; x_wconf 89' lang='lat' dir='ltr'><strong>eodem</strong></span> <span class='ocrx_word' id='word_1_243' title='bbox 904 3931 970 4001; x_wconf 93' lang='lat' dir='ltr'><strong>alio</strong></span> <span class='ocrx_word' id='word_1_244' title='bbox 989 3935 1023 4000; x_wconf 92' lang='lat' dir='ltr'><strong>in</strong></span> <span class='ocrx_word' id='word_1_245' title='bbox 1042 3946 1192 4026; x_wconf 90' lang='lat' dir='ltr'><strong>tempore</strong></span> <span class='ocrx_word' id='word_1_246' title='bbox 1212 3944 1428 4025; x_wconf 87' lang='lat' dir='ltr'><strong>appetuntur.</strong></span> <span class='ocrx_word' id='word_1_247' title='bbox 1447 3929 1535 3999; x_wconf 78' lang='lat' dir='ltr'><strong>Rene</strong></span> <span class='ocrx_word' id='word_1_248' title='bbox 1552 3930 1672 4011; x_wconf 89' lang='lat' dir='ltr'><strong>valete,</strong></span> <span class='ocrx_word' id='word_1_249' title='bbox 1691 3943 1796 4023; x_wconf 86' lang='lat' dir='ltr'><strong>pater,</strong></span> 
     </span>
     <span class='ocr_line' id='line_1_28' title="bbox 376 4050 1798 4145; baseline 0.002 -28"><span class='ocrx_word' id='word_1_250' title='bbox 376 4076 455 4118; x_wconf 86' lang='lat' dir='ltr'><strong>curn</strong></span> <span class='ocrx_word' id='word_1_251' title='bbox 474 4065 542 4120; x_wconf 88' lang='lat' dir='ltr'><strong>tota</strong></span> <span class='ocrx_word' id='word_1_252' title='bbox 560 4055 733 4145; x_wconf 89' lang='lat' dir='ltr'><strong>provincia</strong></span> <span class='ocrx_word' id='word_1_253' title='bbox 752 4066 870 4123; x_wconf 85' lang='lat' dir='ltr'><strong>vestra.</strong></span> <span class='ocrx_word' id='word_1_254' title='bbox 887 4050 1018 4122; x_wconf 84' lang='lat' dir='ltr'><strong>Sanctis</strong></span> <span class='ocrx_word' id='word_1_255' title='bbox 1038 4050 1251 4122; x_wconf 86' lang='lat' dir='ltr'><strong>oracionibus</strong></span> <span class='ocrx_word' id='word_1_256' title='bbox 1271 4054 1406 4130; x_wconf 81' lang='lat' dir='ltr'><strong>restris,</strong></span> <span class='ocrx_word' id='word_1_257' title='bbox 1431 4065 1464 4120; x_wconf 88' lang='lat' dir='ltr'><strong>et</strong></span> <span class='ocrx_word' id='word_1_258' title='bbox 1486 4065 1598 4122; x_wconf 88' lang='lat' dir='ltr'><strong>sancte</strong></span> <span class='ocrx_word' id='word_1_259' title='bbox 1621 4075 1798 4145; x_wconf 81' lang='lat' dir='ltr'><strong>congrega·</strong></span> 
     </span>
     <span class='ocr_line' id='line_1_29' title="bbox 376 4169 1798 4269; baseline 0.002 -32"><span class='ocrx_word' id='word_1_260' title='bbox 376 4172 481 4238; x_wconf 89' lang='lat' dir='ltr'><strong>cionis</strong></span> <span class='ocrx_word' id='word_1_261' title='bbox 497 4169 639 4240; x_wconf 80' lang='lat' dir='ltr'><strong>fratrum</strong></span> <span class='ocrx_word' id='word_1_262' title='bbox 656 4175 689 4240; x_wconf 92' lang='lat' dir='ltr'><strong>in</strong></span> <span class='ocrx_word' id='word_1_263' title='bbox 708 4175 863 4242; x_wconf 88' lang='lat' dir='ltr'><strong>iminenti</strong></span> <span class='ocrx_word' id='word_1_264' title='bbox 880 4172 965 4245; x_wconf 89' lang='lat' dir='ltr'><strong>festo</strong></span> <span class='ocrx_word' id='word_1_265' title='bbox 982 4171 1228 4269; x_wconf 76' lang='lat' dir='ltr'><strong>Assumptlonis</strong></span> <span class='ocrx_word' id='word_1_266' title='bbox 1244 4171 1339 4242; x_wconf 91' lang='lat' dir='ltr'><strong>beate</strong></span> <span class='ocrx_word' id='word_1_267' title='bbox 1359 4172 1463 4243; x_wconf 87' lang='lat' dir='ltr'><strong>Marie</strong></span> <span class='ocrx_word' id='word_1_268' title='bbox 1481 4175 1617 4266; x_wconf 83' lang='lat' dir='ltr'><strong>virginis</strong></span> <span class='ocrx_word' id='word_1_269' title='bbox 1635 4175 1670 4240; x_wconf 94' lang='lat' dir='ltr'><strong>in</strong></span> <span class='ocrx_word' id='word_1_270' title='bbox 1687 4186 1798 4241; x_wconf 86' lang='lat' dir='ltr'><strong>vestro</strong></span> 
     </span>
     <span class='ocr_line' id='line_1_30' title="bbox 375 4290 1797 4387; baseline 0.002 -29"><span class='ocrx_word' id='word_1_271' title='bbox 375 4290 574 4383; x_wconf 89' lang='lat' dir='ltr'><strong>provinciali</strong></span> <span class='ocrx_word' id='word_1_272' title='bbox 593 4292 739 4386; x_wconf 88' lang='lat' dir='ltr'><strong>capitulo</strong></span> <span class='ocrx_word' id='word_1_273' title='bbox 758 4297 986 4363; x_wconf 87' lang='lat' dir='ltr'><strong>convenientis</strong></span> <span class='ocrx_word' id='word_1_274' title='bbox 1001 4297 1036 4363; x_wconf 92' lang='lat' dir='ltr'><strong>in</strong></span> <span class='ocrx_word' id='word_1_275' title='bbox 1055 4320 1163 4367; x_wconf 89' lang='lat' dir='ltr'><strong>unum</strong></span> <span class='ocrx_word' id='word_1_276' title='bbox 1178 4297 1213 4363; x_wconf 93' lang='lat' dir='ltr'><strong>in</strong></span> <span class='ocrx_word' id='word_1_277' title='bbox 1228 4294 1411 4375; x_wconf 91' lang='lat' dir='ltr'><strong>Nemauso,</strong></span> <span class='ocrx_word' id='word_1_278' title='bbox 1429 4296 1597 4386; x_wconf 90' lang='lat' dir='ltr'><strong>meipsum</strong></span> <span class='ocrx_word' id='word_1_279' title='bbox 1615 4306 1647 4362; x_wconf 87' lang='lat' dir='ltr'><strong>et</strong></span> <span class='ocrx_word' id='word_1_280' title='bbox 1662 4295 1797 4387; x_wconf 92' lang='lat' dir='ltr'><strong>inquisi-</strong></span> 
     </span>
     <span class='ocr_line' id='line_1_31' title="bbox 376 4408 1793 4510; baseline 0.004 -30"><span class='ocrx_word' id='word_1_281' title='bbox 376 4413 475 4480; x_wconf 84' lang='lat' dir='ltr'><strong>tionis</strong></span> <span class='ocrx_word' id='word_1_282' title='bbox 502 4408 655 4481; x_wconf 86' lang='lat' dir='ltr'><strong>officium</strong></span> <span class='ocrx_word' id='word_1_283' title='bbox 683 4411 777 4508; x_wconf 92' lang='lat' dir='ltr'><strong>quod</strong></span> <span class='ocrx_word' id='word_1_284' title='bbox 801 4413 969 4483; x_wconf 90' lang='lat' dir='ltr'><strong>incumbit</strong></span> <span class='ocrx_word' id='word_1_285' title='bbox 996 4414 1168 4510; x_wconf 90' lang='lat' dir='ltr'><strong>supliciter</strong></span> <span class='ocrx_word' id='word_1_286' title='bbox 1191 4414 1447 4488; x_wconf 88' lang='lat' dir='ltr'><strong>recommendo.</strong></span> <span class='ocrx_word' id='word_1_287' title='bbox 1480 4412 1606 4486; x_wconf 84' lang='lat' dir='ltr'><strong>Datum</strong></span> <span class='ocrx_word' id='word_1_288' title='bbox 1633 4412 1793 4493; x_wconf 82' lang='lat' dir='ltr'><strong>Tholose.</strong></span> 
     </span>
     <span class='ocr_line' id='line_1_32' title="bbox 375 4531 1200 4627; baseline 0.004 -25"><span class='ocrx_word' id='word_1_289' title='bbox 375 4535 484 4627; x_wconf 89' lang='lat' dir='ltr'><strong>prima</strong></span> <span class='ocrx_word' id='word_1_290' title='bbox 503 4532 557 4602; x_wconf 88' lang='lat' dir='ltr'><strong>die</strong></span> <span class='ocrx_word' id='word_1_291' title='bbox 574 4531 730 4627; x_wconf 83' lang='lat' dir='ltr'><strong>Augusti,</strong></span> <span class='ocrx_word' id='word_1_292' title='bbox 750 4558 840 4603; x_wconf 92' lang='lat' dir='ltr'><strong>anno</strong></span> <span class='ocrx_word' id='word_1_293' title='bbox 860 4532 1001 4607; x_wconf 92' lang='lat' dir='ltr'><strong>Domini</strong></span> <span class='ocrx_word' id='word_1_294' title='bbox 1017 4542 1134 4606; x_wconf 79' lang='lat' dir='ltr'><strong>u⁰ccc⁰</strong></span> <span class='ocrx_word' id='word_1_295' title='bbox 1144 4545 1200 4607; x_wconf 78' lang='lat'><strong>11⁰.</strong></span> 
     </span>
    </p>
   </div>
   <div class='ocr_carea' id='block_1_7' title="bbox 414 4795 859 4870">
    <p class='ocr_par' dir='ltr' id='par_1_7' title="bbox 414 4795 859 4870">
     <span class='ocr_line' id='line_1_33' title="bbox 414 4795 859 4870; baseline 0.022 -21"><span class='ocrx_word' id='word_1_296' title='bbox 414 4797 423 4831; x_wconf 86' lang='lat'><strong>¹</strong></span> <span class='ocrx_word' id='word_1_297' title='bbox 441 4795 490 4850; x_wconf 64' lang='lat' dir='ltr'><strong>Me.</strong></span> <span class='ocrx_word' id='word_1_298' title='bbox 509 4796 561 4870; x_wconf 77' lang='lat'><strong>²7³</strong></span> <span class='ocrx_word' id='word_1_299' title='bbox 572 4797 605 4852; x_wconf 85' lang='lat' dir='ltr'><strong>de</strong></span> <span class='ocrx_word' id='word_1_300' title='bbox 616 4798 760 4860; x_wconf 83' lang='lat' dir='ltr'><strong>Toolousc,</strong></span> <span class='ocrx_word' id='word_1_301' title='bbox 775 4799 818 4855; x_wconf 81' lang='lat' dir='ltr'><strong>fol.</strong></span> <span class='ocrx_word' id='word_1_302' title='bbox 833 4802 859 4859; x_wconf 80' lang='grc'><strong>3.</strong></span> 
     </span>
    </p>
   </div>
   <div class='ocr_carea' id='block_1_8' title="bbox 1843 690 2068 707">
    <p class='ocr_par' dir='ltr' id='par_1_8' title="bbox 1843 690 2068 707">
     <span class='ocr_line' id='line_1_34' title="bbox 1843 690 2068 707; baseline 0.018 -5"><span class='ocrx_word' id='word_1_303' title='bbox 1843 690 2068 707; x_wconf 45' lang='grc' dir='ltr'>ῃ</span> 
     </span>
    </p>
   </div>
   <div class='ocr_carea' id='block_1_9' title="bbox 1859 791 2046 1108">
    <p class='ocr_par' dir='ltr' id='par_1_9' title="bbox 1859 791 2046 1108">
     <span class='ocr_line' id='line_1_35' title="bbox 1933 791 1979 827; baseline 0 0"><span class='ocrx_word' id='word_1_304' title='bbox 1933 791 1979 827; x_wconf 78' lang='lat' dir='ltr'><strong>Ltts</strong></span> 
     </span>
     <span class='ocr_line' id='line_1_36' title="bbox 1877 883 2033 922; baseline 0 -1"><span class='ocrx_word' id='word_1_305' title='bbox 1877 883 2033 922; x_wconf 68' lang='lat' dir='ltr'><strong>Matusarum</strong></span> 
     </span>
     <span class='ocr_line' id='line_1_37' title="bbox 1937 977 1969 1013; baseline 0 0"><span class='ocrx_word' id='word_1_306' title='bbox 1937 977 1969 1013; x_wconf 70' lang='lat' dir='ltr'><strong>DE</strong></span> 
     </span>
     <span class='ocr_line' id='line_1_38' title="bbox 1859 1068 2046 1108; baseline 0 -4"><span class='ocrx_word' id='word_1_307' title='bbox 1859 1068 1978 1107; x_wconf 71' lang='lat' dir='ltr'><strong>uenustas&gt;</strong></span> <span class='ocrx_word' id='word_1_308' title='bbox 1992 1068 2046 1108; x_wconf 74' lang='lat'><strong>001.</strong></span> 
     </span>
    </p>
   </div>
   <div class='ocr_carea' id='block_1_10' title="bbox 0 0 2468 6377">
    <p class='ocr_par' dir='ltr' id='par_1_10' title="bbox 0 0 2468 6377">
     <span class='ocr_line' id='line_1_39' title="bbox 0 0 2468 6377; baseline 0 0"><span class='ocrx_word' id='word_1_309' title='bbox 0 0 2468 6377; x_wconf 95' lang='lat' dir='ltr'><strong> </strong></span> 
     </span>
    </p>
   </div>
  </div>
 </body>
</html>
