<?xml version="1.0" encoding="UTF-8"?>
<!DOCTYPE html PUBLIC "-//W3C//DTD XHTML 1.0 Transitional//EN"
    "http://www.w3.org/TR/xhtml1/DTD/xhtml1-transitional.dtd">
<html xmlns="http://www.w3.org/1999/xhtml" xml:lang="en" lang="en">
 <head>
  <title>
</title>
<meta http-equiv="Content-Type" content="text/html;charset=utf-8" />
  <meta name='ocr-system' content='tesseract 3.04.00' />
  <meta name='ocr-capabilities' content='ocr_page ocr_carea ocr_par ocr_line ocrx_word'/>
</head>
<body>
  <div class='ocr_page' id='page_1' title='image "./noticesurlesman00deligoog_0126.png"; bbox 0 0 4916 6380; ppageno 0'>
   <div class='ocr_carea' id='block_1_1' title="bbox 670 542 755 628">
    <p class='ocr_par' dir='ltr' id='par_1_1' title="bbox 670 542 755 628">
     <span class='ocr_line' id='line_1_1' title="bbox 670 542 755 628; baseline 0.024 -2"><span class='ocrx_word' id='word_1_1' title='bbox 670 542 755 628; x_wconf 77' lang='lat'><strong>288</strong></span> 
     </span>
    </p>
   </div>
   <div class='ocr_carea' id='block_1_2' title="bbox 1249 537 1506 626">
    <p class='ocr_par' dir='ltr' id='par_1_2' title="bbox 1249 537 1506 626">
     <span class='ocr_line' id='line_1_2' title="bbox 1249 537 1506 626; baseline -0.012 -1"><span class='ocrx_word' id='word_1_2' title='bbox 1249 537 1506 626; x_wconf 85' lang='lat' dir='ltr'><strong>NOTlCES</strong></span> 
     </span>
    </p>
   </div>
   <div class='ocr_carea' id='block_1_3' title="bbox 405 715 2093 819">
    <p class='ocr_par' dir='ltr' id='par_1_3' title="bbox 405 715 2093 819">
     <span class='ocr_line' id='line_1_3' title="bbox 405 715 2093 819; baseline -0.004 -19"><span class='ocrx_word' id='word_1_3' title='bbox 405 740 630 751; x_wconf 74' lang='grc'><em>“““““”“““”·</em></span> <span class='ocrx_word' id='word_1_4' title='bbox 725 725 753 799; x_wconf 90' lang='lat' dir='ltr'>A</span> <span class='ocrx_word' id='word_1_5' title='bbox 773 720 966 798; x_wconf 86' lang='lat' dir='ltr'><strong>l&#39;occasion</strong></span> <span class='ocrx_word' id='word_1_6' title='bbox 985 721 1031 796; x_wconf 90' lang='lat' dir='ltr'><strong>de</strong></span> <span class='ocrx_word' id='word_1_7' title='bbox 1056 719 1090 796; x_wconf 93' lang='lat' dir='ltr'><strong>la</strong></span> <span class='ocrx_word' id='word_1_8' title='bbox 1112 721 1168 797; x_wconf 89' lang='lat' dir='ltr'><strong>vie</strong></span> <span class='ocrx_word' id='word_1_9' title='bbox 1190 719 1236 795; x_wconf 92' lang='lat' dir='ltr'><strong>de</strong></span> <span class='ocrx_word' id='word_1_10' title='bbox 1262 719 1376 795; x_wconf 82' lang='lat' dir='ltr'>sainte</span> <span class='ocrx_word' id='word_1_11' title='bbox 1401 716 1562 805; x_wconf 74' lang='lat' dir='ltr'><strong>Valeria,</strong></span> <span class='ocrx_word' id='word_1_12' title='bbox 1590 715 1617 793; x_wconf 92' lang='lat' dir='ltr'><strong>il</strong></span> <span class='ocrx_word' id='word_1_13' title='bbox 1640 735 1743 792; x_wconf 83' lang='lat' dir='ltr'><strong>entre</strong></span> <span class='ocrx_word' id='word_1_14' title='bbox 1766 717 1856 819; x_wconf 87' lang='lat' dir='ltr'><strong>dans</strong></span> <span class='ocrx_word' id='word_1_15' title='bbox 1879 716 1945 793; x_wconf 90' lang='lat' dir='ltr'><strong>des</strong></span> <span class='ocrx_word' id='word_1_16' title='bbox 1963 717 2093 793; x_wconf 83' lang='lat' dir='ltr'><strong>de&#39;tails</strong></span> 
     </span>
    </p>
   </div>
   <div class='ocr_carea' id='block_1_4' title="bbox 425 840 609 1159">
    <p class='ocr_par' dir='ltr' id='par_1_4' title="bbox 425 840 609 1159">
     <span class='ocr_line' id='line_1_4' title="bbox 497 840 542 875; baseline 0 0"><span class='ocrx_word' id='word_1_17' title='bbox 497 840 542 875; x_wconf 57' lang='lat' dir='ltr'><strong>LE&lt;</strong></span> 
     </span>
     <span class='ocr_line' id='line_1_5' title="bbox 441 934 596 970; baseline -0.006 -2"><span class='ocrx_word' id='word_1_18' title='bbox 441 934 596 970; x_wconf 62' lang='lat' dir='ltr'><strong>Minuscul&#39;rs</strong></span> 
     </span>
     <span class='ocr_line' id='line_1_6' title="bbox 503 1028 536 1065; baseline -0.03 0"><span class='ocrx_word' id='word_1_19' title='bbox 503 1028 536 1065; x_wconf 66' lang='lat' dir='ltr'><strong>nt.</strong></span> 
     </span>
     <span class='ocr_line' id='line_1_7' title="bbox 425 1123 609 1159; baseline -0.005 -2"><span class='ocrx_word' id='word_1_20' title='bbox 425 1123 541 1159; x_wconf 70' lang='lat' dir='ltr'><strong>annuam)</strong></span> <span class='ocrx_word' id='word_1_21' title='bbox 556 1124 609 1159; x_wconf 75' lang='lat' dir='ltr'><strong>Gl&#39;l.</strong></span> 
     </span>
    </p>
   </div>
   <div class='ocr_carea' id='block_1_5' title="bbox 668 848 2092 959">
    <p class='ocr_par' dir='ltr' id='par_1_5' title="bbox 668 848 2092 959">
     <span class='ocr_line' id='line_1_8' title="bbox 668 848 2092 959; baseline -0.002 -32"><span class='ocrx_word' id='word_1_22' title='bbox 668 853 874 959; x_wconf 76' lang='lat' dir='ltr'><strong>tresprecis</strong></span> <span class='ocrx_word' id='word_1_23' title='bbox 891 882 955 928; x_wconf 90' lang='lat' dir='ltr'><strong>sur</strong></span> <span class='ocrx_word' id='word_1_24' title='bbox 968 850 1104 956; x_wconf 75' lang='lat' dir='ltr'><strong>l&#39;eglise</strong></span> <span class='ocrx_word' id='word_1_25' title='bbox 1119 851 1183 956; x_wconf 91' lang='lat' dir='ltr'><strong>qui</strong></span> <span class='ocrx_word' id='word_1_26' title='bbox 1200 851 1257 927; x_wconf 86' lang='lat' dir='ltr'><strong>sut</strong></span> <span class='ocrx_word' id='word_1_27' title='bbox 1277 850 1400 926; x_wconf 73' lang='lat' dir='ltr'><strong>elevee</strong></span> <span class='ocrx_word' id='word_1_28' title='bbox 1422 850 1633 955; x_wconf 74' lang='lat' dir='ltr'><strong>aLimoges</strong></span> <span class='ocrx_word' id='word_1_29' title='bbox 1653 877 1699 924; x_wconf 92' lang='lat' dir='ltr'><strong>en</strong></span> <span class='ocrx_word' id='word_1_30' title='bbox 1717 848 1912 925; x_wconf 87' lang='lat' dir='ltr'><strong>l&#39;honneur</strong></span> <span class='ocrx_word' id='word_1_31' title='bbox 1931 849 1978 925; x_wconf 88' lang='lat' dir='ltr'><strong>de</strong></span> <span class='ocrx_word' id='word_1_32' title='bbox 1997 867 2092 926; x_wconf 89' lang='lat' dir='ltr'><strong>cette</strong></span> 
     </span>
    </p>
   </div>
   <div class='ocr_carea' id='block_1_6' title="bbox 669 979 2090 1069">
    <p class='ocr_par' dir='ltr' id='par_1_6' title="bbox 669 979 2090 1069">
     <span class='ocr_line' id='line_1_9' title="bbox 669 979 2090 1069; baseline 0 -10"><span class='ocrx_word' id='word_1_33' title='bbox 669 983 795 1059; x_wconf 84' lang='lat' dir='ltr'><strong>sainte.</strong></span> <span class='ocrx_word' id='word_1_34' title='bbox 813 983 842 1058; x_wconf 94' lang='lat' dir='ltr'><strong>ll</strong></span> <span class='ocrx_word' id='word_1_35' title='bbox 860 1012 906 1058; x_wconf 93' lang='lat' dir='ltr'><strong>en</strong></span> <span class='ocrx_word' id='word_1_36' title='bbox 925 1012 945 1058; x_wconf 94' lang='lat' dir='ltr'><strong>a</strong></span> <span class='ocrx_word' id='word_1_37' title='bbox 963 983 1081 1057; x_wconf 73' lang='lat' dir='ltr'><strong>decrit</strong></span> <span class='ocrx_word' id='word_1_38' title='bbox 1097 981 1132 1058; x_wconf 92' lang='lat' dir='ltr'><strong>la</strong></span> <span class='ocrx_word' id='word_1_39' title='bbox 1148 982 1395 1059; x_wconf 81' lang='lat' dir='ltr'>construction</span> <span class='ocrx_word' id='word_1_40' title='bbox 1407 1009 1453 1057; x_wconf 91' lang='lat' dir='ltr'><strong>en</strong></span> <span class='ocrx_word' id='word_1_41' title='bbox 1469 1011 1480 1057; x_wconf 86' lang='lat'><em>1</em></span> <span class='ocrx_word' id='word_1_42' title='bbox 1500 1011 1506 1057; x_wconf 90' lang='grc' dir='ltr'>ι</span> <span class='ocrx_word' id='word_1_43' title='bbox 1521 986 1589 1068; x_wconf 74' lang='lat'><strong>61,</strong></span> <span class='ocrx_word' id='word_1_44' title='bbox 1604 980 1688 1057; x_wconf 84' lang='lat' dir='ltr'><strong>atla</strong></span> <span class='ocrx_word' id='word_1_45' title='bbox 1704 979 1876 1057; x_wconf 74' lang='lat' dir='ltr'><strong>dedicace</strong></span> <span class='ocrx_word' id='word_1_46' title='bbox 1892 1009 1937 1056; x_wconf 91' lang='lat' dir='ltr'><strong>en</strong></span> <span class='ocrx_word' id='word_1_47' title='bbox 1954 1008 1997 1059; x_wconf 83' lang='lat' dir='ltr'><strong>ra</strong></span> <span class='ocrx_word' id='word_1_48' title='bbox 2011 989 2090 1069; x_wconf 76' lang='lat'><strong>12¹,</strong></span> 
     </span>
    </p>
   </div>
   <div class='ocr_carea' id='block_1_7' title="bbox 668 1111 2092 1220">
    <p class='ocr_par' dir='ltr' id='par_1_7' title="bbox 668 1111 2092 1220">
     <span class='ocr_line' id='line_1_10' title="bbox 668 1111 2092 1220; baseline -0.003 -29"><span class='ocrx_word' id='word_1_49' title='bbox 668 1116 861 1218; x_wconf 84' lang='lat' dir='ltr'>beaucoup</span> <span class='ocrx_word' id='word_1_50' title='bbox 886 1112 968 1220; x_wconf 89' lang='lat' dir='ltr'><strong>plus</strong></span> <span class='ocrx_word' id='word_1_51' title='bbox 993 1112 1281 1218; x_wconf 74' lang='lat' dir='ltr'><strong>completement</strong></span> <span class='ocrx_word' id='word_1_52' title='bbox 1304 1141 1378 1217; x_wconf 92' lang='lat' dir='ltr'><strong>que</strong></span> <span class='ocrx_word' id='word_1_53' title='bbox 1403 1112 1565 1190; x_wconf 89' lang='lat' dir='ltr'><strong>Bemard</strong></span> <span class='ocrx_word' id='word_1_54' title='bbox 1589 1112 1686 1199; x_wconf 82' lang='lat' dir='ltr'><strong>ltier‚</strong></span> <span class='ocrx_word' id='word_1_55' title='bbox 1711 1111 1745 1187; x_wconf 90' lang='lat' dir='ltr'><strong>le</strong></span> <span class='ocrx_word' id='word_1_56' title='bbox 1772 1111 2023 1217; x_wconf 89' lang='lat' dir='ltr'><strong>chroniqueur</strong></span> <span class='ocrx_word' id='word_1_57' title='bbox 2044 1112 2092 1187; x_wconf 92' lang='lat' dir='ltr'><strong>de</strong></span> 
     </span>
    </p>
   </div>
   <div class='ocr_carea' id='block_1_8' title="bbox 668 1244 962 1324">
    <p class='ocr_par' dir='ltr' id='par_1_8' title="bbox 668 1244 962 1324">
     <span class='ocr_line' id='line_1_11' title="bbox 668 1244 962 1324; baseline -0.017 0"><span class='ocrx_word' id='word_1_58' title='bbox 668 1244 962 1324; x_wconf 54' lang='lat' dir='ltr'><strong>saint-Martiale</strong></span> 
     </span>
    </p>
   </div>
   <div class='ocr_carea' id='block_1_9' title="bbox 666 1373 2092 1613">
    <p class='ocr_par' dir='ltr' id='par_1_9' title="bbox 666 1373 2092 1613">
     <span class='ocr_line' id='line_1_12' title="bbox 724 1373 2092 1490; baseline -0.001 -37"><span class='ocrx_word' id='word_1_59' title='bbox 724 1381 842 1482; x_wconf 77' lang='lat' dir='ltr'><strong>Apres</strong></span> <span class='ocrx_word' id='word_1_60' title='bbox 859 1377 960 1453; x_wconf 84' lang='lat' dir='ltr'><strong>avoir</strong></span> <span class='ocrx_word' id='word_1_61' title='bbox 975 1378 1125 1452; x_wconf 74' lang='lat' dir='ltr'><strong>raconte</strong></span> <span class='ocrx_word' id='word_1_62' title='bbox 1143 1375 1177 1450; x_wconf 91' lang='lat' dir='ltr'><strong>la</strong></span> <span class='ocrx_word' id='word_1_63' title='bbox 1192 1377 1338 1490; x_wconf 79' lang='lat' dir='ltr'>passion</span> <span class='ocrx_word' id='word_1_64' title='bbox 1357 1377 1404 1452; x_wconf 91' lang='lat' dir='ltr'><strong>de</strong></span> <span class='ocrx_word' id='word_1_65' title='bbox 1420 1375 1514 1451; x_wconf 84' lang='lat' dir='ltr'><strong>saint</strong></span> <span class='ocrx_word' id='word_1_66' title='bbox 1532 1377 1642 1462; x_wconf 88' lang='lat' dir='ltr'><strong>Pons,</strong></span> <span class='ocrx_word' id='word_1_67' title='bbox 1660 1374 1686 1449; x_wconf 92' lang='lat' dir='ltr'><strong>il</strong></span> <span class='ocrx_word' id='word_1_68' title='bbox 1702 1374 1804 1480; x_wconf 89' lang='lat' dir='ltr'><strong>parle</strong></span> <span class='ocrx_word' id='word_1_69' title='bbox 1821 1375 1887 1451; x_wconf 89' lang='lat' dir='ltr'><strong>des</strong></span> <span class='ocrx_word' id='word_1_70' title='bbox 1904 1373 2029 1451; x_wconf 89' lang='lat' dir='ltr'><strong>ruines</strong></span> <span class='ocrx_word' id='word_1_71' title='bbox 2044 1373 2092 1451; x_wconf 91' lang='lat' dir='ltr'><strong>de</strong></span> 
     </span>
     <span class='ocr_line' id='line_1_13' title="bbox 666 1505 2092 1613; baseline -0.001 -29"><span class='ocrx_word' id='word_1_72' title='bbox 666 1508 839 1613; x_wconf 87' lang='lat' dir='ltr'><strong>l&#39;antique</strong></span> <span class='ocrx_word' id='word_1_73' title='bbox 863 1508 932 1583; x_wconf 74' lang='lat' dir='ltr'><strong>cite</strong></span> <span class='ocrx_word' id='word_1_74' title='bbox 955 1508 1002 1583; x_wconf 90' lang='lat' dir='ltr'><strong>de</strong></span> <span class='ocrx_word' id='word_1_75' title='bbox 1027 1506 1267 1595; x_wconf 49' lang='lat' dir='ltr'><strong>“Chimelaa</strong></span> <span class='ocrx_word' id='word_1_76' title='bbox 1290 1508 1337 1584; x_wconf 90' lang='lat' dir='ltr'><strong>de</strong></span> <span class='ocrx_word' id='word_1_77' title='bbox 1360 1508 1523 1612; x_wconf 84' lang='lat' dir='ltr'><strong>l&#39;origine</strong></span> <span class='ocrx_word' id='word_1_78' title='bbox 1546 1505 1592 1582; x_wconf 92' lang='lat' dir='ltr'><strong>de</strong></span> <span class='ocrx_word' id='word_1_79' title='bbox 1613 1507 1647 1583; x_wconf 90' lang='lat' dir='ltr'><strong>la</strong></span> <span class='ocrx_word' id='word_1_80' title='bbox 1661 1505 1745 1582; x_wconf 89' lang='lat' dir='ltr'><strong>ville</strong></span> <span class='ocrx_word' id='word_1_81' title='bbox 1765 1505 1812 1582; x_wconf 91' lang='lat' dir='ltr'><strong>de</strong></span> <span class='ocrx_word' id='word_1_82' title='bbox 1830 1508 1916 1582; x_wconf 85' lang='lat' dir='ltr'>Nice</span> <span class='ocrx_word' id='word_1_83' title='bbox 1939 1506 2040 1583; x_wconf 86' lang='lat' dir='ltr'><strong>etde</strong></span> <span class='ocrx_word' id='word_1_84' title='bbox 2060 1506 2092 1583; x_wconf 89' lang='lat' dir='ltr'><strong>la</strong></span> 
     </span>
    </p>
   </div>
   <div class='ocr_carea' id='block_1_10' title="bbox 598 1638 1475 1733">
    <p class='ocr_par' dir='ltr' id='par_1_10' title="bbox 598 1638 1475 1733">
     <span class='ocr_line' id='line_1_14' title="bbox 598 1638 1475 1733; baseline -0.001 -19"><span class='ocrx_word' id='word_1_85' title='bbox 598 1728 602 1733; x_wconf 6' lang='lat' dir='ltr'><strong>p</strong></span> <span class='ocrx_word' id='word_1_86' title='bbox 664 1638 857 1716; x_wconf 79' lang='lat' dir='ltr'><strong>fondation</strong></span> <span class='ocrx_word' id='word_1_87' title='bbox 876 1639 929 1714; x_wconf 91' lang='lat' dir='ltr'><strong>du</strong></span> <span class='ocrx_word' id='word_1_88' title='bbox 944 1644 1149 1715; x_wconf 77' lang='lat' dir='ltr'><strong>monastero</strong></span> <span class='ocrx_word' id='word_1_89' title='bbox 1169 1638 1216 1714; x_wconf 90' lang='lat' dir='ltr'><strong>de</strong></span> <span class='ocrx_word' id='word_1_90' title='bbox 1231 1639 1475 1716; x_wconf 61' lang='lat' dir='ltr'><strong>saint-Pons.</strong></span> 
     </span>
    </p>
   </div>
   <div class='ocr_carea' id='block_1_11' title="bbox 664 1851 1341 3068">
    <p class='ocr_par' dir='ltr' id='par_1_11' title="bbox 664 1851 1341 3068">
     <span class='ocr_line' id='line_1_15' title="bbox 709 1851 1340 1917; baseline 0.006 -11"><span class='ocrx_word' id='word_1_91' title='bbox 709 1851 715 1880; x_wconf 91' lang='lat'><strong>¹</strong></span> <span class='ocrx_word' id='word_1_92' title='bbox 741 1851 848 1912; x_wconf 69' lang='lat' dir='ltr'><strong>«Anno</strong></span> <span class='ocrx_word' id='word_1_93' title='bbox 861 1863 957 1911; x_wconf 87' lang='lat' dir='ltr'><strong>autem</strong></span> <span class='ocrx_word' id='word_1_94' title='bbox 972 1853 1091 1912; x_wconf 85' lang='lat' dir='ltr'><strong>Domini</strong></span> <span class='ocrx_word' id='word_1_95' title='bbox 1105 1871 1207 1917; x_wconf 75' lang='lat' dir='ltr'><strong>accur,</strong></span> <span class='ocrx_word' id='word_1_96' title='bbox 1222 1853 1252 1910; x_wconf 93' lang='lat' dir='ltr'><strong>in</strong></span> <span class='ocrx_word' id='word_1_97' title='bbox 1267 1851 1340 1911; x_wconf 85' lang='lat' dir='ltr'><strong>festo</strong></span> 
     </span>
     <span class='ocr_line' id='line_1_16' title="bbox 665 1953 1339 2022; baseline 0 -9"><span class='ocrx_word' id='word_1_98' title='bbox 665 1954 801 2014; x_wconf 74' lang='lat' dir='ltr'><strong>cathedre</strong></span> <span class='ocrx_word' id='word_1_99' title='bbox 813 1956 903 2013; x_wconf 90' lang='lat' dir='ltr'><strong>sancti</strong></span> <span class='ocrx_word' id='word_1_100' title='bbox 914 1955 1003 2022; x_wconf 81' lang='lat' dir='ltr'><strong>Petri.</strong></span> <span class='ocrx_word' id='word_1_101' title='bbox 1016 1956 1046 2013; x_wconf 90' lang='lat' dir='ltr'><strong>in</strong></span> <span class='ocrx_word' id='word_1_102' title='bbox 1059 1955 1200 2015; x_wconf 88' lang='lat' dir='ltr'><strong>suburbio</strong></span> <span class='ocrx_word' id='word_1_103' title='bbox 1211 1953 1276 2013; x_wconf 83' lang='lat' dir='ltr'><strong>ville</strong></span> <span class='ocrx_word' id='word_1_104' title='bbox 1289 1977 1339 2013; x_wconf 90' lang='lat' dir='ltr'><strong>seu</strong></span> 
     </span>
     <span class='ocr_line' id='line_1_17' title="bbox 665 2057 1340 2141; baseline -0.001 -24"><span class='ocrx_word' id='word_1_105' title='bbox 665 2059 750 2117; x_wconf 81' lang='lat' dir='ltr'><strong>castri</strong></span> <span class='ocrx_word' id='word_1_106' title='bbox 770 2058 996 2125; x_wconf 79' lang='lat' dir='ltr'><strong>Lemovicensis.</strong></span> <span class='ocrx_word' id='word_1_107' title='bbox 1016 2059 1091 2141; x_wconf 90' lang='lat' dir='ltr'><strong>cepit</strong></span> <span class='ocrx_word' id='word_1_108' title='bbox 1109 2057 1236 2117; x_wconf 85' lang='lat' dir='ltr'><strong>construi</strong></span> <span class='ocrx_word' id='word_1_109' title='bbox 1254 2064 1340 2140; x_wconf 81' lang='lat' dir='ltr'><strong>tugu-</strong></span> 
     </span>
     <span class='ocr_line' id='line_1_18' title="bbox 665 2159 1339 2245; baseline 0 -25"><span class='ocrx_word' id='word_1_110' title='bbox 665 2162 743 2220; x_wconf 88' lang='lat' dir='ltr'><strong>rium</strong></span> <span class='ocrx_word' id='word_1_111' title='bbox 754 2182 842 2245; x_wconf 89' lang='lat' dir='ltr'><strong>super</strong></span> <span class='ocrx_word' id='word_1_112' title='bbox 851 2171 962 2245; x_wconf 88' lang='lat' dir='ltr'><strong>petram</strong></span> <span class='ocrx_word' id='word_1_113' title='bbox 975 2162 1094 2220; x_wconf 86' lang='lat' dir='ltr'><strong>martirii</strong></span> <span class='ocrx_word' id='word_1_114' title='bbox 1105 2171 1202 2221; x_wconf 88' lang='lat' dir='ltr'><strong>sancte</strong></span> <span class='ocrx_word' id='word_1_115' title='bbox 1215 2159 1339 2227; x_wconf 80' lang='lat' dir='ltr'><strong>Valerie.</strong></span> 
     </span>
     <span class='ocr_line' id='line_1_19' title="bbox 665 2262 1340 2348; baseline -0.003 -25"><span class='ocrx_word' id='word_1_116' title='bbox 665 2286 699 2323; x_wconf 78' lang='lat' dir='ltr'><strong>ex</strong></span> <span class='ocrx_word' id='word_1_117' title='bbox 713 2263 858 2348; x_wconf 78' lang='lat' dir='ltr'><strong>lapidibus</strong></span> <span class='ocrx_word' id='word_1_118' title='bbox 868 2265 921 2323; x_wconf 81' lang='lat' dir='ltr'><strong>rie.</strong></span> <span class='ocrx_word' id='word_1_119' title='bbox 935 2263 1027 2323; x_wconf 86' lang='lat' dir='ltr'><strong>Arcus</strong></span> <span class='ocrx_word' id='word_1_120' title='bbox 1042 2263 1201 2345; x_wconf 86' lang='lat' dir='ltr'><strong>siquidem,</strong></span> <span class='ocrx_word' id='word_1_121' title='bbox 1216 2262 1266 2324; x_wconf 92' lang='lat' dir='ltr'><strong>sed</strong></span> <span class='ocrx_word' id='word_1_122' title='bbox 1282 2286 1340 2322; x_wconf 91' lang='lat' dir='ltr'><strong>mo-</strong></span> 
     </span>
     <span class='ocr_line' id='line_1_20' title="bbox 664 2364 1338 2433; baseline 0 -8"><span class='ocrx_word' id='word_1_123' title='bbox 664 2364 761 2433; x_wconf 83' lang='lat' dir='ltr'><strong>dicus,</strong></span> <span class='ocrx_word' id='word_1_124' title='bbox 792 2366 901 2427; x_wconf 88' lang='lat' dir='ltr'><strong>ibidem</strong></span> <span class='ocrx_word' id='word_1_125' title='bbox 930 2366 1001 2426; x_wconf 90' lang='lat' dir='ltr'><strong>olim</strong></span> <span class='ocrx_word' id='word_1_126' title='bbox 1031 2366 1179 2426; x_wconf 83' lang='lat' dir='ltr'><strong>edificatus</strong></span> <span class='ocrx_word' id='word_1_127' title='bbox 1206 2367 1298 2426; x_wconf 88' lang='lat' dir='ltr'><strong>suerat</strong></span> <span class='ocrx_word' id='word_1_128' title='bbox 1324 2389 1338 2425; x_wconf 87' lang='lat' dir='ltr'><strong>a</strong></span> 
     </span>
     <span class='ocr_line' id='line_1_21' title="bbox 665 2458 1340 2554; baseline 0 -26"><span class='ocrx_word' id='word_1_129' title='bbox 665 2469 791 2551; x_wconf 89' lang='lat' dir='ltr'><strong>quodam</strong></span> <span class='ocrx_word' id='word_1_130' title='bbox 813 2470 958 2550; x_wconf 84' lang='lat' dir='ltr'><strong>burgense</strong></span> <span class='ocrx_word' id='word_1_131' title='bbox 977 2458 1188 2529; x_wconf 71' lang='lat' dir='ltr'><strong>lemovicensi.</strong></span> <span class='ocrx_word' id='word_1_132' title='bbox 1217 2471 1251 2529; x_wconf 92' lang='lat' dir='ltr'><strong>ln</strong></span> <span class='ocrx_word' id='word_1_133' title='bbox 1277 2471 1340 2554; x_wconf 89' lang='lat' dir='ltr'><strong>ipso</strong></span> 
     </span>
     <span class='ocr_line' id='line_1_22' title="bbox 664 2572 1338 2640; baseline 0 -9"><span class='ocrx_word' id='word_1_134' title='bbox 664 2583 759 2632; x_wconf 88' lang='lat' dir='ltr'><strong>autem</strong></span> <span class='ocrx_word' id='word_1_135' title='bbox 789 2595 880 2640; x_wconf 89' lang='lat' dir='ltr'><strong>anno,</strong></span> <span class='ocrx_word' id='word_1_136' title='bbox 911 2583 1006 2631; x_wconf 78' lang='lat' dir='ltr'><strong>octava</strong></span> <span class='ocrx_word' id='word_1_137' title='bbox 1041 2572 1089 2631; x_wconf 85' lang='lat' dir='ltr'><strong>die</strong></span> <span class='ocrx_word' id='word_1_138' title='bbox 1121 2572 1338 2639; x_wconf 82' lang='lat' dir='ltr'><strong>Pentbecostes,</strong></span> 
     </span>
     <span class='ocr_line' id='line_1_23' title="bbox 665 2674 1340 2757; baseline 0.001 -23"><span class='ocrx_word' id='word_1_139' title='bbox 665 2674 1340 2757; x_wconf 85' lang='lat' dir='ltr'><strong>missacelebraturibidem‚locusqueobsigno-</strong></span> 
     </span>
     <span class='ocr_line' id='line_1_24' title="bbox 665 2777 1341 2862; baseline 0.001 -25"><span class='ocrx_word' id='word_1_140' title='bbox 665 2801 731 2837; x_wconf 92' lang='lat' dir='ltr'><strong>rum</strong></span> <span class='ocrx_word' id='word_1_141' title='bbox 751 2788 779 2837; x_wconf 84' lang='lat' dir='ltr'><strong>et</strong></span> <span class='ocrx_word' id='word_1_142' title='bbox 799 2777 1007 2837; x_wconf 82' lang='lat' dir='ltr'><strong>miraculorum</strong></span> <span class='ocrx_word' id='word_1_143' title='bbox 1026 2777 1266 2862; x_wconf 79' lang='lat' dir='ltr'><strong>multiplicitatem</strong></span> <span class='ocrx_word' id='word_1_144' title='bbox 1287 2780 1341 2838; x_wconf 84' lang='lat' dir='ltr'><strong>fre·</strong></span> 
     </span>
     <span class='ocr_line' id='line_1_25' title="bbox 665 2880 1340 2967; baseline 0.001 -28"><span class='ocrx_word' id='word_1_145' title='bbox 665 2891 828 2963; x_wconf 75' lang='lat' dir='ltr'><strong>quentatur,</strong></span> <span class='ocrx_word' id='word_1_146' title='bbox 842 2891 1059 2963; x_wconf 87' lang='lat' dir='ltr'><strong>conventusque</strong></span> <span class='ocrx_word' id='word_1_147' title='bbox 1076 2904 1093 2941; x_wconf 88' lang='lat' dir='ltr'><strong>a</strong></span> <span class='ocrx_word' id='word_1_148' title='bbox 1109 2880 1265 2942; x_wconf 85' lang='lat' dir='ltr'><strong>venerabili</strong></span> <span class='ocrx_word' id='word_1_149' title='bbox 1280 2883 1340 2967; x_wconf 91' lang='lat' dir='ltr'><strong>epi·</strong></span> 
     </span>
     <span class='ocr_line' id='line_1_26' title="bbox 665 2982 1339 3068; baseline 0 -25"><span class='ocrx_word' id='word_1_150' title='bbox 665 3006 752 3068; x_wconf 87' lang='lat' dir='ltr'><strong>scopo</strong></span> <span class='ocrx_word' id='word_1_151' title='bbox 765 2982 890 3045; x_wconf 88' lang='lat' dir='ltr'><strong>Geraldo</strong></span> <span class='ocrx_word' id='word_1_152' title='bbox 904 3006 956 3068; x_wconf 90' lang='lat' dir='ltr'><strong>per</strong></span> <span class='ocrx_word' id='word_1_153' title='bbox 968 2994 1058 3043; x_wconf 88' lang='lat' dir='ltr'><strong>totam</strong></span> <span class='ocrx_word' id='word_1_154' title='bbox 1073 2983 1220 3067; x_wconf 87' lang='lat' dir='ltr'><strong>dyocesim</strong></span> <span class='ocrx_word' id='word_1_155' title='bbox 1238 2984 1339 3045; x_wconf 91' lang='lat' dir='ltr'><strong>indici-</strong></span> 
     </span>
    </p>
   </div>
   <div class='ocr_carea' id='block_1_12' title="bbox 570 3086 1339 3171">
    <p class='ocr_par' dir='ltr' id='par_1_12' title="bbox 570 3086 1339 3171">
     <span class='ocr_line' id='line_1_27' title="bbox 570 3086 1339 3171; baseline 0.003 -25"><span class='ocrx_word' id='word_1_156' title='bbox 570 3132 573 3135; x_wconf 76' lang='lat'>·</span> <span class='ocrx_word' id='word_1_157' title='bbox 664 3098 711 3147; x_wconf 90' lang='lat' dir='ltr'><strong>tur</strong></span> <span class='ocrx_word' id='word_1_158' title='bbox 722 3086 787 3148; x_wconf 89' lang='lat' dir='ltr'><strong>Vlll</strong></span> <span class='ocrx_word' id='word_1_159' title='bbox 801 3086 937 3147; x_wconf 83' lang='lat' dir='ltr'><strong>kalendas</strong></span> <span class='ocrx_word' id='word_1_160' title='bbox 949 3087 1086 3169; x_wconf 83' lang='lat' dir='ltr'><strong>Augusti,</strong></span> <span class='ocrx_word' id='word_1_161' title='bbox 1105 3088 1217 3170; x_wconf 81' lang='lat' dir='ltr'><strong>fuitque</strong></span> <span class='ocrx_word' id='word_1_162' title='bbox 1235 3110 1339 3171; x_wconf 80' lang='lat' dir='ltr'><strong>magna</strong></span> 
     </span>
    </p>
   </div>
   <div class='ocr_carea' id='block_1_13' title="bbox 662 3188 1339 4510">
    <p class='ocr_par' dir='ltr' id='par_1_13' title="bbox 664 3188 1032 3251">
     <span class='ocr_line' id='line_1_28' title="bbox 664 3188 1032 3251; baseline 0.005 -4"><span class='ocrx_word' id='word_1_163' title='bbox 664 3188 813 3250; x_wconf 86' lang='lat' dir='ltr'><strong>celebritas</strong></span> <span class='ocrx_word' id='word_1_164' title='bbox 827 3190 899 3251; x_wconf 84' lang='lat' dir='ltr'><strong>facta</strong></span> <span class='ocrx_word' id='word_1_165' title='bbox 914 3191 1032 3250; x_wconf 84' lang='lat' dir='ltr'><strong>ibidem.</strong></span> 
     </span>
    </p>

    <p class='ocr_par' dir='ltr' id='par_1_14' title="bbox 663 3293 1339 3995">
     <span class='ocr_line' id='line_1_29' title="bbox 706 3293 1339 3385; baseline 0.006 -37"><span class='ocrx_word' id='word_1_166' title='bbox 706 3293 812 3353; x_wconf 78' lang='lat' dir='ltr'><strong>«Anno</strong></span> <span class='ocrx_word' id='word_1_167' title='bbox 822 3305 919 3355; x_wconf 88' lang='lat' dir='ltr'><strong>autem</strong></span> <span class='ocrx_word' id='word_1_168' title='bbox 928 3295 1046 3354; x_wconf 87' lang='lat' dir='ltr'><strong>Domini</strong></span> <span class='ocrx_word' id='word_1_169' title='bbox 1056 3302 1089 3385; x_wconf 57' lang='grc' dir='ltr'><strong><em>ψ</em></strong></span> <span class='ocrx_word' id='word_1_170' title='bbox 1100 3304 1145 3355; x_wconf 84' lang='lat' dir='ltr'><strong>cc⁰</strong></span> <span class='ocrx_word' id='word_1_171' title='bbox 1154 3304 1217 3364; x_wconf 84' lang='lat' dir='ltr'><strong>xu⁰‚</strong></span> <span class='ocrx_word' id='word_1_172' title='bbox 1227 3298 1258 3355; x_wconf 91' lang='lat' dir='ltr'><strong>in</strong></span> <span class='ocrx_word' id='word_1_173' title='bbox 1268 3296 1339 3355; x_wconf 84' lang='lat' dir='ltr'><strong>sesto</strong></span> 
     </span>
     <span class='ocr_line' id='line_1_30' title="bbox 665 3397 1339 3465; baseline 0.001 -8"><span class='ocrx_word' id='word_1_174' title='bbox 665 3397 787 3457; x_wconf 87' lang='lat' dir='ltr'><strong>Victoris</strong></span> <span class='ocrx_word' id='word_1_175' title='bbox 803 3407 831 3457; x_wconf 89' lang='lat' dir='ltr'><strong>ct</strong></span> <span class='ocrx_word' id='word_1_176' title='bbox 850 3397 978 3465; x_wconf 81' lang='lat' dir='ltr'><strong>Corone,</strong></span> <span class='ocrx_word' id='word_1_177' title='bbox 1001 3397 1132 3457; x_wconf 89' lang='lat' dir='ltr'><strong>dedicata</strong></span> <span class='ocrx_word' id='word_1_178' title='bbox 1154 3398 1208 3457; x_wconf 89' lang='lat' dir='ltr'><strong>suit</strong></span> <span class='ocrx_word' id='word_1_179' title='bbox 1230 3397 1339 3458; x_wconf 88' lang='lat' dir='ltr'><strong>ibidem</strong></span> 
     </span>
     <span class='ocr_line' id='line_1_31' title="bbox 665 3498 1339 3585; baseline 0.001 -27"><span class='ocrx_word' id='word_1_180' title='bbox 665 3498 784 3559; x_wconf 88' lang='lat' dir='ltr'><strong>ecclesia</strong></span> <span class='ocrx_word' id='word_1_181' title='bbox 808 3522 825 3559; x_wconf 85' lang='lat' dir='ltr'><strong>a</strong></span> <span class='ocrx_word' id='word_1_182' title='bbox 851 3499 1007 3559; x_wconf 90' lang='lat' dir='ltr'><strong>venerabili</strong></span> <span class='ocrx_word' id='word_1_183' title='bbox 1034 3501 1179 3569; x_wconf 81' lang='lat' dir='ltr'><strong>lohanne‚</strong></span> <span class='ocrx_word' id='word_1_184' title='bbox 1204 3501 1339 3585; x_wconf 89' lang='lat' dir='ltr'><strong>episcopo</strong></span> 
     </span>
     <span class='ocr_line' id='line_1_32' title="bbox 664 3600 1339 3669; baseline 0.003 -8"><span class='ocrx_word' id='word_1_185' title='bbox 664 3600 877 3669; x_wconf 73' lang='lat' dir='ltr'><strong>lemovicensi,</strong></span> <span class='ocrx_word' id='word_1_186' title='bbox 898 3613 926 3661; x_wconf 90' lang='lat' dir='ltr'><strong>et</strong></span> <span class='ocrx_word' id='word_1_187' title='bbox 944 3613 1043 3661; x_wconf 86' lang='lat' dir='ltr'><strong>ornata</strong></span> <span class='ocrx_word' id='word_1_188' title='bbox 1066 3602 1225 3663; x_wconf 87' lang='lat' dir='ltr'><strong>honorilice</strong></span> <span class='ocrx_word' id='word_1_189' title='bbox 1245 3614 1273 3663; x_wconf 89' lang='lat' dir='ltr'><strong>et</strong></span> <span class='ocrx_word' id='word_1_190' title='bbox 1288 3603 1339 3663; x_wconf 87' lang='lat' dir='ltr'><strong>de-</strong></span> 
     </span>
     <span class='ocr_line' id='line_1_33' title="bbox 665 3704 1339 3788; baseline 0.006 -27"><span class='ocrx_word' id='word_1_191' title='bbox 665 3704 753 3788; x_wconf 84' lang='lat' dir='ltr'><strong>picta,</strong></span> <span class='ocrx_word' id='word_1_192' title='bbox 777 3705 807 3762; x_wconf 92' lang='lat' dir='ltr'><strong>in</strong></span> <span class='ocrx_word' id='word_1_193' title='bbox 830 3704 972 3764; x_wconf 91' lang='lat' dir='ltr'><strong>bonorem</strong></span> <span class='ocrx_word' id='word_1_194' title='bbox 992 3717 1088 3766; x_wconf 90' lang='lat' dir='ltr'><strong>sancte</strong></span> <span class='ocrx_word' id='word_1_195' title='bbox 1105 3705 1229 3771; x_wconf 83' lang='lat' dir='ltr'><strong>Valerie.</strong></span> <span class='ocrx_word' id='word_1_196' title='bbox 1246 3729 1262 3765; x_wconf 90' lang='lat' dir='ltr'><strong>a</strong></span> <span class='ocrx_word' id='word_1_197' title='bbox 1281 3728 1339 3788; x_wconf 86' lang='lat' dir='ltr'><strong>qua</strong></span> 
     </span>
     <span class='ocr_line' id='line_1_34' title="bbox 663 3804 1336 3876; baseline 0.009 -11"><span class='ocrx_word' id='word_1_198' title='bbox 663 3804 745 3866; x_wconf 89' lang='lat' dir='ltr'><strong>locus</strong></span> <span class='ocrx_word' id='word_1_199' title='bbox 766 3818 793 3867; x_wconf 88' lang='lat' dir='ltr'><strong>et</strong></span> <span class='ocrx_word' id='word_1_200' title='bbox 814 3807 932 3867; x_wconf 88' lang='lat' dir='ltr'><strong>eeclesia</strong></span> <span class='ocrx_word' id='word_1_201' title='bbox 951 3808 1208 3869; x_wconf 73' lang='lat' dir='ltr'><strong>denominantur.»</strong></span> <span class='ocrx_word' id='word_1_202' title='bbox 1230 3810 1282 3869; x_wconf 89' lang='lat' dir='ltr'><strong>Ms.</strong></span> <span class='ocrx_word' id='word_1_203' title='bbox 1298 3809 1336 3876; x_wconf 76' lang='lat' dir='ltr'><strong>(tt</strong></span> 
     </span>
     <span class='ocr_line' id='line_1_35' title="bbox 663 3908 1198 3995; baseline 0.002 -27"><span class='ocrx_word' id='word_1_204' title='bbox 663 3908 701 3969; x_wconf 90' lang='lat' dir='ltr'><strong>de</strong></span> <span class='ocrx_word' id='word_1_205' title='bbox 715 3908 874 3979; x_wconf 80' lang='lat' dir='ltr'><strong>Toulouse‚</strong></span> <span class='ocrx_word' id='word_1_206' title='bbox 895 3919 929 3970; x_wconf 77' lang='lat'><strong>1“</strong></span> <span class='ocrx_word' id='word_1_207' title='bbox 941 3913 1046 3995; x_wconf 84' lang='lat' dir='ltr'><strong>partie,</strong></span> <span class='ocrx_word' id='word_1_208' title='bbox 1063 3911 1111 3971; x_wconf 83' lang='lat' dir='ltr'><strong>sol.</strong></span> <span class='ocrx_word' id='word_1_209' title='bbox 1132 3934 1198 3973; x_wconf 82' lang='lat' dir='ltr'><strong>raa.</strong></span> 
     </span>
    </p>

    <p class='ocr_par' dir='ltr' id='par_1_15' title="bbox 662 4012 1338 4510">
     <span class='ocr_line' id='line_1_36' title="bbox 706 4012 1337 4099; baseline 0.005 -27"><span class='ocrx_word' id='word_1_210' title='bbox 706 4012 716 4041; x_wconf 82' lang='lat'>²</span> <span class='ocrx_word' id='word_1_211' title='bbox 741 4012 1337 4099; x_wconf 68' lang='lat' dir='ltr'><strong>Cbroniquesde&amp;iat·MartiuldeLimoqes,</strong></span> 
     </span>
     <span class='ocr_line' id='line_1_37' title="bbox 663 4115 1336 4201; baseline 0.001 -26"><span class='ocrx_word' id='word_1_212' title='bbox 663 4115 772 4176; x_wconf 77' lang='lat' dir='ltr'><strong>edition</strong></span> <span class='ocrx_word' id='word_1_213' title='bbox 788 4116 1005 4200; x_wconf 67' lang='lat' dir='ltr'><strong>Dupleselgier,</strong></span> <span class='ocrx_word' id='word_1_214' title='bbox 1027 4141 1055 4201; x_wconf 90' lang='lat' dir='ltr'><strong>p.</strong></span> <span class='ocrx_word' id='word_1_215' title='bbox 1078 4118 1132 4186; x_wconf 79' lang='lat'><strong>56,</strong></span> <span class='ocrx_word' id='word_1_216' title='bbox 1156 4120 1196 4184; x_wconf 70' lang='lat'><strong>84</strong></span> <span class='ocrx_word' id='word_1_217' title='bbox 1218 4129 1246 4178; x_wconf 87' lang='lat' dir='ltr'><strong>et</strong></span> <span class='ocrx_word' id='word_1_218' title='bbox 1267 4120 1336 4179; x_wconf 79' lang='lat'>238.</span> 
     </span>
     <span class='ocr_line' id='line_1_38' title="bbox 662 4219 1336 4289; baseline 0 -10"><span class='ocrx_word' id='word_1_219' title='bbox 662 4220 761 4279; x_wconf 85' lang='lat' dir='ltr'><strong>-La</strong></span> <span class='ocrx_word' id='word_1_220' title='bbox 783 4219 918 4280; x_wconf 75' lang='lat' dir='ltr'><strong>dedicace</strong></span> <span class='ocrx_word' id='word_1_221' title='bbox 939 4231 987 4280; x_wconf 89' lang='lat' dir='ltr'><strong>eut</strong></span> <span class='ocrx_word' id='word_1_222' title='bbox 1001 4219 1059 4281; x_wconf 91' lang='lat' dir='ltr'><strong>lieu</strong></span> <span class='ocrx_word' id='word_1_223' title='bbox 1076 4220 1102 4280; x_wconf 92' lang='lat' dir='ltr'><strong>le</strong></span> <span class='ocrx_word' id='word_1_224' title='bbox 1122 4225 1156 4289; x_wconf 75' lang='lat' dir='ltr'><strong>m</strong></span> <span class='ocrx_word' id='word_1_225' title='bbox 1173 4222 1232 4280; x_wconf 90' lang='lat' dir='ltr'><strong>mai</strong></span> <span class='ocrx_word' id='word_1_226' title='bbox 1249 4242 1336 4282; x_wconf 67' lang='grc' dir='ltr'><strong>ιω.</strong></span> 
     </span>
     <span class='ocr_line' id='line_1_39' title="bbox 663 4321 1338 4405; baseline -0.001 -22"><span class='ocrx_word' id='word_1_227' title='bbox 663 4321 739 4383; x_wconf 85' lang='lat' dir='ltr'><strong>C&#39;est</strong></span> <span class='ocrx_word' id='word_1_228' title='bbox 752 4327 768 4381; x_wconf 76' lang='lat' dir='ltr'><strong>b</strong></span> <span class='ocrx_word' id='word_1_229' title='bbox 781 4334 838 4382; x_wconf 85' lang='lat' dir='ltr'><strong>tort</strong></span> <span class='ocrx_word' id='word_1_230' title='bbox 853 4345 911 4405; x_wconf 90' lang='lat' dir='ltr'><strong>que</strong></span> <span class='ocrx_word' id='word_1_231' title='bbox 926 4322 1057 4383; x_wconf 75' lang='lat' dir='ltr'><strong>l&#39;editeur</strong></span> <span class='ocrx_word' id='word_1_232' title='bbox 1069 4324 1106 4383; x_wconf 92' lang='lat' dir='ltr'><strong>de</strong></span> <span class='ocrx_word' id='word_1_233' title='bbox 1119 4324 1249 4384; x_wconf 92' lang='lat' dir='ltr'><strong>Bernard</strong></span> <span class='ocrx_word' id='word_1_234' title='bbox 1266 4324 1338 4397; x_wconf 61' lang='lat' dir='ltr'><strong>,Itier</strong></span> 
     </span>
     <span class='ocr_line' id='line_1_40' title="bbox 663 4425 1338 4510; baseline 0.003 -26"><span class='ocrx_word' id='word_1_235' title='bbox 663 4427 705 4509; x_wconf 75' lang='lat' dir='ltr'><strong>(p.</strong></span> <span class='ocrx_word' id='word_1_236' title='bbox 723 4425 799 4494; x_wconf 76' lang='lat' dir='ltr'><strong>aro,</strong></span> <span class='ocrx_word' id='word_1_237' title='bbox 813 4425 868 4486; x_wconf 89' lang='lat' dir='ltr'><strong>col.</strong></span> <span class='ocrx_word' id='word_1_238' title='bbox 888 4428 916 4506; x_wconf 83' lang='grc' dir='ltr'><strong>ι)</strong></span> <span class='ocrx_word' id='word_1_239' title='bbox 933 4425 960 4485; x_wconf 87' lang='lat' dir='ltr'><strong>la</strong></span> <span class='ocrx_word' id='word_1_240' title='bbox 975 4438 1108 4510; x_wconf 86' lang='lat' dir='ltr'><strong>rapporte</strong></span> <span class='ocrx_word' id='word_1_241' title='bbox 1122 4448 1181 4486; x_wconf 90' lang='lat' dir='ltr'><strong>une</strong></span> <span class='ocrx_word' id='word_1_242' title='bbox 1195 4428 1338 4510; x_wconf 72' lang='lat' dir='ltr'><strong>premiere</strong></span> 
     </span>
    </p>
   </div>
   <div class='ocr_carea' id='block_1_14' title="bbox 662 4528 1338 4692">
    <p class='ocr_par' dir='ltr' id='par_1_16' title="bbox 662 4528 1338 4692">
     <span class='ocr_line' id='line_1_41' title="bbox 662 4528 1338 4591; baseline 0.003 -4"><span class='ocrx_word' id='word_1_243' title='bbox 662 4528 716 4588; x_wconf 85' lang='lat' dir='ltr'><strong>sois</strong></span> <span class='ocrx_word' id='word_1_244' title='bbox 731 4528 874 4589; x_wconf 70' lang='lat' dir='ltr'><strong>alannae</strong></span> <span class='ocrx_word' id='word_1_245' title='bbox 893 4551 970 4591; x_wconf 79' lang='lat' dir='ltr'><strong>raro</strong></span> <span class='ocrx_word' id='word_1_246' title='bbox 984 4540 1083 4589; x_wconf 90' lang='lat' dir='ltr'><strong>etune</strong></span> <span class='ocrx_word' id='word_1_247' title='bbox 1098 4529 1223 4589; x_wconf 86' lang='lat' dir='ltr'><strong>seconde</strong></span> <span class='ocrx_word' id='word_1_248' title='bbox 1236 4535 1250 4588; x_wconf 75' lang='lat' dir='ltr'><strong>a</strong></span> <span class='ocrx_word' id='word_1_249' title='bbox 1270 4528 1338 4589; x_wconf 86' lang='lat' dir='ltr'><strong>l&#39;an-</strong></span> 
     </span>
     <span class='ocr_line' id='line_1_42' title="bbox 662 4631 1235 4692; baseline 0.007 -3"><span class='ocrx_word' id='word_1_250' title='bbox 662 4635 716 4690; x_wconf 80' lang='lat' dir='ltr'><strong>nee</strong></span> <span class='ocrx_word' id='word_1_251' title='bbox 734 4653 822 4692; x_wconf 81' lang='lat'>1212.</span> <span class='ocrx_word' id='word_1_252' title='bbox 1229 4631 1235 4642; x_wconf 86' lang='grc'>’</span> 
     </span>
    </p>
   </div>
   <div class='ocr_carea' id='block_1_15' title="bbox 662 4732 1338 5027">
    <p class='ocr_par' dir='ltr' id='par_1_17' title="bbox 662 4732 1338 5027">
     <span class='ocr_line' id='line_1_43' title="bbox 705 4732 1336 4821; baseline 0.006 -29"><span class='ocrx_word' id='word_1_253' title='bbox 705 4732 715 4773; x_wconf 71' lang='lat' dir='ltr'><strong>l</strong></span> <span class='ocrx_word' id='word_1_254' title='bbox 739 4735 926 4794; x_wconf 81' lang='lat' dir='ltr'><strong>«Notandum</strong></span> <span class='ocrx_word' id='word_1_255' title='bbox 939 4746 1038 4795; x_wconf 86' lang='lat' dir='ltr'><strong>antem</strong></span> <span class='ocrx_word' id='word_1_256' title='bbox 1053 4747 1096 4796; x_wconf 91' lang='lat' dir='ltr'><strong>est</strong></span> <span class='ocrx_word' id='word_1_257' title='bbox 1111 4738 1186 4796; x_wconf 87' lang='lat' dir='ltr'><strong>circa</strong></span> <span class='ocrx_word' id='word_1_258' title='bbox 1199 4737 1336 4821; x_wconf 88' lang='lat' dir='ltr'><strong>premissa</strong></span> 
     </span>
     <span class='ocr_line' id='line_1_44' title="bbox 662 4835 1337 4925; baseline 0.007 -31"><span class='ocrx_word' id='word_1_259' title='bbox 662 4835 743 4917; x_wconf 93' lang='lat' dir='ltr'><strong>quod</strong></span> <span class='ocrx_word' id='word_1_260' title='bbox 758 4837 855 4896; x_wconf 83' lang='lat' dir='ltr'><strong>civitas</strong></span> <span class='ocrx_word' id='word_1_261' title='bbox 869 4838 898 4896; x_wconf 92' lang='lat' dir='ltr'><strong>in</strong></span> <span class='ocrx_word' id='word_1_262' title='bbox 911 4859 968 4918; x_wconf 88' lang='lat' dir='ltr'><strong>qua</strong></span> <span class='ocrx_word' id='word_1_263' title='bbox 985 4839 1084 4898; x_wconf 87' lang='lat' dir='ltr'><strong>beatus</strong></span> <span class='ocrx_word' id='word_1_264' title='bbox 1098 4841 1223 4899; x_wconf 90' lang='lat' dir='ltr'><strong>Poncius</strong></span> <span class='ocrx_word' id='word_1_265' title='bbox 1238 4861 1337 4925; x_wconf 90' lang='lat' dir='ltr'><strong>passus</strong></span> 
     </span>
     <span class='ocr_line' id='line_1_45' title="bbox 662 4938 1338 5027; baseline 0.006 -30"><span class='ocrx_word' id='word_1_266' title='bbox 662 4939 750 5000; x_wconf 82' lang='lat' dir='ltr'><strong>fuisse</strong></span> <span class='ocrx_word' id='word_1_267' title='bbox 766 4938 949 5008; x_wconf 78' lang='lat' dir='ltr'><strong>describitur.</strong></span> <span class='ocrx_word' id='word_1_268' title='bbox 965 4940 1095 5002; x_wconf 87' lang='lat' dir='ltr'><strong>Chimela</strong></span> <span class='ocrx_word' id='word_1_269' title='bbox 1112 4952 1183 5002; x_wconf 89' lang='lat' dir='ltr'><strong>tunc</strong></span> <span class='ocrx_word' id='word_1_270' title='bbox 1199 4943 1338 5027; x_wconf 86' lang='lat' dir='ltr'><strong>temporis</strong></span> 
     </span>
    </p>
   </div>
   <div class='ocr_carea' id='block_1_16' title="bbox 1413 1812 2092 5027">
    <p class='ocr_par' dir='ltr' id='par_1_18' title="bbox 1416 1812 2092 3149">
     <span class='ocr_line' id='line_1_46' title="bbox 1417 1812 2091 1935; baseline 0.003 -26"><span class='ocrx_word' id='word_1_271' title='bbox 1417 1812 1579 1917; x_wconf 78' lang='lat' dir='ltr'><strong>vocabatrir.</strong></span> <span class='ocrx_word' id='word_1_272' title='bbox 1598 1872 1657 1932; x_wconf 88' lang='lat' dir='ltr'><strong>que</strong></span> <span class='ocrx_word' id='word_1_273' title='bbox 1669 1850 1868 1935; x_wconf 85' lang='lat' dir='ltr'><strong>postmodum,</strong></span> <span class='ocrx_word' id='word_1_274' title='bbox 1882 1848 2010 1934; x_wconf 82' lang='lat' dir='ltr'><strong>depulsis</strong></span> <span class='ocrx_word' id='word_1_275' title='bbox 2023 1851 2091 1911; x_wconf 88' lang='lat' dir='ltr'><strong>inde</strong></span> 
     </span>
     <span class='ocr_line' id='line_1_47' title="bbox 1416 1952 2090 2036; baseline 0.001 -24"><span class='ocrx_word' id='word_1_276' title='bbox 1416 1952 1535 2036; x_wconf 85' lang='lat' dir='ltr'><strong>paganis</strong></span> <span class='ocrx_word' id='word_1_277' title='bbox 1555 1965 1583 2013; x_wconf 90' lang='lat' dir='ltr'><strong>et</strong></span> <span class='ocrx_word' id='word_1_278' title='bbox 1596 1953 1755 2013; x_wconf 92' lang='lat' dir='ltr'><strong>cultoribus</strong></span> <span class='ocrx_word' id='word_1_279' title='bbox 1767 1952 1933 2036; x_wconf 77' lang='lat' dir='ltr'><strong>ydolorum,</strong></span> <span class='ocrx_word' id='word_1_280' title='bbox 1949 1953 2090 2014; x_wconf 85' lang='lat' dir='ltr'><strong>destructa</strong></span> 
     </span>
     <span class='ocr_line' id='line_1_48' title="bbox 1417 2055 2091 2139; baseline 0.001 -24"><span class='ocrx_word' id='word_1_281' title='bbox 1417 2058 1478 2116; x_wconf 85' lang='lat' dir='ltr'><strong>suit.</strong></span> <span class='ocrx_word' id='word_1_282' title='bbox 1495 2057 1586 2139; x_wconf 85' lang='lat' dir='ltr'><strong>Cujus</strong></span> <span class='ocrx_word' id='word_1_283' title='bbox 1606 2055 1807 2116; x_wconf 81' lang='lat' dir='ltr'><strong>destructionis</strong></span> <span class='ocrx_word' id='word_1_284' title='bbox 1822 2066 1880 2116; x_wconf 89' lang='lat' dir='ltr'><strong>tam</strong></span> <span class='ocrx_word' id='word_1_285' title='bbox 1900 2057 1984 2116; x_wconf 90' lang='lat' dir='ltr'><strong>ruine</strong></span> <span class='ocrx_word' id='word_1_286' title='bbox 2003 2079 2091 2138; x_wconf 87' lang='lat' dir='ltr'><strong>quam</strong></span> 
     </span>
     <span class='ocr_line' id='line_1_49' title="bbox 1416 2158 2092 2219; baseline -0.001 0"><span class='ocrx_word' id='word_1_287' title='bbox 1416 2161 1554 2219; x_wconf 87' lang='lat' dir='ltr'><strong>maceries</strong></span> <span class='ocrx_word' id='word_1_288' title='bbox 1568 2170 1679 2218; x_wconf 86' lang='lat' dir='ltr'><strong>vetusta</strong></span> <span class='ocrx_word' id='word_1_289' title='bbox 1700 2170 1831 2219; x_wconf 89' lang='lat' dir='ltr'><strong>veterum</strong></span> <span class='ocrx_word' id='word_1_290' title='bbox 1849 2182 2001 2219; x_wconf 89' lang='lat' dir='ltr'><strong>murorum</strong></span> <span class='ocrx_word' id='word_1_291' title='bbox 2022 2158 2092 2218; x_wconf 83' lang='lat' dir='ltr'><strong>alio-</strong></span> 
     </span>
     <span class='ocr_line' id='line_1_50' title="bbox 1417 2244 2090 2345; baseline -0.001 -23"><span class='ocrx_word' id='word_1_292' title='bbox 1417 2284 1541 2345; x_wconf 90' lang='lat' dir='ltr'><strong>rumque</strong></span> <span class='ocrx_word' id='word_1_293' title='bbox 1556 2261 1737 2321; x_wconf 84' lang='lat' dir='ltr'><strong>edificiorum</strong></span> <span class='ocrx_word' id='word_1_294' title='bbox 1752 2262 1901 2345; x_wconf 80' lang='lat' dir='ltr'><strong>preferant</strong></span> <span class='ocrx_word' id='word_1_295' title='bbox 1915 2244 2023 2323; x_wconf 83' lang='lat' dir='ltr'><strong>ibidem</strong></span> <span class='ocrx_word' id='word_1_296' title='bbox 2043 2284 2090 2323; x_wconf 90' lang='lat' dir='ltr'><strong>us·</strong></span> 
     </span>
     <span class='ocr_line' id='line_1_51' title="bbox 1417 2364 2090 2450; baseline -0.003 -24"><span class='ocrx_word' id='word_1_297' title='bbox 1417 2368 1520 2449; x_wconf 90' lang='lat' dir='ltr'><strong>quein</strong></span> <span class='ocrx_word' id='word_1_298' title='bbox 1536 2376 1699 2450; x_wconf 86' lang='lat' dir='ltr'><strong>presentem</strong></span> <span class='ocrx_word' id='word_1_299' title='bbox 1716 2364 1796 2424; x_wconf 89' lang='lat' dir='ltr'><strong>diem</strong></span> <span class='ocrx_word' id='word_1_300' title='bbox 1811 2366 1928 2447; x_wconf 80' lang='lat' dir='ltr'><strong>vestigia</strong></span> <span class='ocrx_word' id='word_1_301' title='bbox 1944 2377 1972 2425; x_wconf 88' lang='lat' dir='ltr'><strong>et</strong></span> <span class='ocrx_word' id='word_1_302' title='bbox 1985 2364 2090 2425; x_wconf 90' lang='lat' dir='ltr'><strong>indicia</strong></span> 
     </span>
     <span class='ocr_line' id='line_1_52' title="bbox 1416 2467 2090 2552; baseline -0.003 -23"><span class='ocrx_word' id='word_1_303' title='bbox 1416 2470 1575 2529; x_wconf 81' lang='lat' dir='ltr'><strong>manifesta.</strong></span> <span class='ocrx_word' id='word_1_304' title='bbox 1600 2467 1696 2528; x_wconf 87' lang='lat' dir='ltr'><strong>Platea</strong></span> <span class='ocrx_word' id='word_1_305' title='bbox 1716 2490 1835 2550; x_wconf 91' lang='lat' dir='ltr'><strong>quoque</strong></span> <span class='ocrx_word' id='word_1_306' title='bbox 1850 2468 2043 2552; x_wconf 82' lang='lat' dir='ltr'><strong>amphiteatri,</strong></span> <span class='ocrx_word' id='word_1_307' title='bbox 2060 2470 2090 2527; x_wconf 89' lang='lat' dir='ltr'><strong>in</strong></span> 
     </span>
     <span class='ocr_line' id='line_1_53' title="bbox 1417 2570 2090 2655; baseline -0.003 -23"><span class='ocrx_word' id='word_1_308' title='bbox 1417 2595 1474 2655; x_wconf 87' lang='lat' dir='ltr'><strong>qua</strong></span> <span class='ocrx_word' id='word_1_309' title='bbox 1488 2584 1547 2633; x_wconf 88' lang='lat' dir='ltr'><strong>erat</strong></span> <span class='ocrx_word' id='word_1_310' title='bbox 1560 2573 1738 2640; x_wconf 84' lang='lat' dir='ltr'><strong>arenarium,</strong></span> <span class='ocrx_word' id='word_1_311' title='bbox 1752 2570 1848 2631; x_wconf 87' lang='lat' dir='ltr'><strong>adbuc</strong></span> <span class='ocrx_word' id='word_1_312' title='bbox 1863 2570 1918 2631; x_wconf 85' lang='lat' dir='ltr'><strong>lata</strong></span> <span class='ocrx_word' id='word_1_313' title='bbox 1933 2582 1961 2631; x_wconf 89' lang='lat' dir='ltr'><strong>et</strong></span> <span class='ocrx_word' id='word_1_314' title='bbox 1973 2573 2090 2631; x_wconf 88' lang='lat' dir='ltr'><strong>circum·</strong></span> 
     </span>
     <span class='ocr_line' id='line_1_54' title="bbox 1416 2675 2090 2760; baseline -0.003 -25"><span class='ocrx_word' id='word_1_315' title='bbox 1416 2687 1495 2760; x_wconf 84' lang='lat' dir='ltr'><strong>septa</strong></span> <span class='ocrx_word' id='word_1_316' title='bbox 1517 2697 1670 2735; x_wconf 89' lang='lat' dir='ltr'><strong>murorum</strong></span> <span class='ocrx_word' id='word_1_317' title='bbox 1693 2686 1821 2735; x_wconf 77' lang='lat' dir='ltr'><strong>veterum</strong></span> <span class='ocrx_word' id='word_1_318' title='bbox 1840 2675 1950 2735; x_wconf 85' lang='lat' dir='ltr'><strong>ambitu</strong></span> <span class='ocrx_word' id='word_1_319' title='bbox 1972 2675 2090 2735; x_wconf 85' lang='lat' dir='ltr'><strong>ruinoso</strong></span> 
     </span>
     <span class='ocr_line' id='line_1_55' title="bbox 1416 2776 2090 2862; baseline -0.001 -24"><span class='ocrx_word' id='word_1_320' title='bbox 1416 2790 1493 2862; x_wconf 88' lang='lat' dir='ltr'><strong>patet</strong></span> <span class='ocrx_word' id='word_1_321' title='bbox 1515 2777 1638 2846; x_wconf 78' lang='lat' dir='ltr'><strong>ibidem,</strong></span> <span class='ocrx_word' id='word_1_322' title='bbox 1666 2778 1779 2861; x_wconf 85' lang='lat' dir='ltr'><strong>fuitque</strong></span> <span class='ocrx_word' id='word_1_323' title='bbox 1803 2776 1964 2837; x_wconf 84' lang='lat' dir='ltr'><strong>reedificata</strong></span> <span class='ocrx_word' id='word_1_324' title='bbox 1992 2776 2090 2837; x_wconf 75' lang='lat' dir='ltr'><strong>civius</strong></span> 
     </span>
     <span class='ocr_line' id='line_1_56' title="bbox 1416 2877 2090 2963; baseline 0 -23"><span class='ocrx_word' id='word_1_325' title='bbox 1416 2904 1476 2941; x_wconf 90' lang='lat' dir='ltr'><strong>non</strong></span> <span class='ocrx_word' id='word_1_326' title='bbox 1500 2881 1587 2963; x_wconf 85' lang='lat' dir='ltr'><strong>longe</strong></span> <span class='ocrx_word' id='word_1_327' title='bbox 1609 2882 1645 2941; x_wconf 85' lang='lat' dir='ltr'><strong>ab</strong></span> <span class='ocrx_word' id='word_1_328' title='bbox 1668 2881 1771 2941; x_wconf 89' lang='lat' dir='ltr'><strong>eodem</strong></span> <span class='ocrx_word' id='word_1_329' title='bbox 1790 2879 1867 2947; x_wconf 87' lang='lat' dir='ltr'><strong>loco,</strong></span> <span class='ocrx_word' id='word_1_330' title='bbox 1886 2877 2010 2939; x_wconf 90' lang='lat' dir='ltr'><strong>miliario</strong></span> <span class='ocrx_word' id='word_1_331' title='bbox 2030 2880 2090 2940; x_wconf 86' lang='lat' dir='ltr'><strong>sere</strong></span> 
     </span>
     <span class='ocr_line' id='line_1_57' title="bbox 1416 2983 2091 3068; baseline -0.001 -24"><span class='ocrx_word' id='word_1_332' title='bbox 1416 3007 1491 3051; x_wconf 82' lang='lat' dir='ltr'><strong>uno.</strong></span> <span class='ocrx_word' id='word_1_333' title='bbox 1516 2987 1543 3044; x_wconf 92' lang='lat' dir='ltr'><strong>in</strong></span> <span class='ocrx_word' id='word_1_334' title='bbox 1565 2983 1628 3043; x_wconf 88' lang='lat' dir='ltr'><strong>loco</strong></span> <span class='ocrx_word' id='word_1_335' title='bbox 1648 2985 1787 3044; x_wconf 88' lang='lat' dir='ltr'><strong>eminenti</strong></span> <span class='ocrx_word' id='word_1_336' title='bbox 1809 3006 1899 3068; x_wconf 90' lang='lat' dir='ltr'><strong>prope</strong></span> <span class='ocrx_word' id='word_1_337' title='bbox 1920 3004 2013 3051; x_wconf 83' lang='lat' dir='ltr'><strong>mare,</strong></span> <span class='ocrx_word' id='word_1_338' title='bbox 2031 3004 2091 3064; x_wconf 87' lang='lat' dir='ltr'><strong>que</strong></span> 
     </span>
     <span class='ocr_line' id='line_1_58' title="bbox 1416 3087 2087 3149; baseline -0.006 -1"><span class='ocrx_word' id='word_1_339' title='bbox 1416 3111 1493 3149; x_wconf 90' lang='lat' dir='ltr'><strong>nunc</strong></span> <span class='ocrx_word' id='word_1_340' title='bbox 1504 3089 1584 3148; x_wconf 91' lang='lat' dir='ltr'><strong>Nicia</strong></span> <span class='ocrx_word' id='word_1_341' title='bbox 1595 3089 1692 3147; x_wconf 87' lang='lat' dir='ltr'><strong>civitas</strong></span> <span class='ocrx_word' id='word_1_342' title='bbox 1705 3089 1735 3147; x_wconf 92' lang='lat' dir='ltr'><strong>in</strong></span> <span class='ocrx_word' id='word_1_343' title='bbox 1751 3088 1901 3146; x_wconf 87' lang='lat' dir='ltr'><strong>Provincia</strong></span> <span class='ocrx_word' id='word_1_344' title='bbox 1914 3087 2087 3145; x_wconf 85' lang='lat' dir='ltr'><strong>nominatur.</strong></span> 
     </span>
    </p>

    <p class='ocr_par' dir='ltr' id='par_1_19' title="bbox 1413 3187 2090 5027">
     <span class='ocr_line' id='line_1_59' title="bbox 1458 3187 2087 3274; baseline -0.005 -23"><span class='ocrx_word' id='word_1_345' title='bbox 1458 3193 1618 3251; x_wconf 76' lang='lat' dir='ltr'><strong>«Processu</strong></span> <span class='ocrx_word' id='word_1_346' title='bbox 1639 3212 1705 3249; x_wconf 77' lang='lat' dir='ltr'><strong>vero</strong></span> <span class='ocrx_word' id='word_1_347' title='bbox 1725 3192 1877 3274; x_wconf 84' lang='lat' dir='ltr'><strong>temporis.</strong></span> <span class='ocrx_word' id='word_1_348' title='bbox 1894 3210 1952 3249; x_wconf 90' lang='lat' dir='ltr'><strong>non</strong></span> <span class='ocrx_word' id='word_1_349' title='bbox 1969 3187 2087 3272; x_wconf 76' lang='lat' dir='ltr'><strong>longae</strong></span> 
     </span>
     <span class='ocr_line' id='line_1_60' title="bbox 1416 3292 2089 3377; baseline -0.001 -24"><span class='ocrx_word' id='word_1_350' title='bbox 1416 3294 1479 3353; x_wconf 91' lang='lat' dir='ltr'><strong>loco</strong></span> <span class='ocrx_word' id='word_1_351' title='bbox 1491 3296 1521 3354; x_wconf 92' lang='lat' dir='ltr'><strong>in</strong></span> <span class='ocrx_word' id='word_1_352' title='bbox 1532 3317 1591 3376; x_wconf 92' lang='lat' dir='ltr'><strong>quo</strong></span> <span class='ocrx_word' id='word_1_353' title='bbox 1600 3295 1696 3353; x_wconf 82' lang='lat' dir='ltr'><strong>civitas</strong></span> <span class='ocrx_word' id='word_1_354' title='bbox 1704 3292 1834 3353; x_wconf 88' lang='lat' dir='ltr'><strong>Chimela</strong></span> <span class='ocrx_word' id='word_1_355' title='bbox 1846 3294 1950 3358; x_wconf 82' lang='lat' dir='ltr'><strong>suerat.</strong></span> <span class='ocrx_word' id='word_1_356' title='bbox 1962 3303 1991 3351; x_wconf 89' lang='lat' dir='ltr'><strong>et</strong></span> <span class='ocrx_word' id='word_1_357' title='bbox 2000 3314 2089 3377; x_wconf 87' lang='lat' dir='ltr'><strong>prope</strong></span> 
     </span>
     <span class='ocr_line' id='line_1_61' title="bbox 1417 3393 2088 3478; baseline -0.004 -22"><span class='ocrx_word' id='word_1_358' title='bbox 1417 3421 1513 3456; x_wconf 80' lang='lat' dir='ltr'><strong>surum</strong></span> <span class='ocrx_word' id='word_1_359' title='bbox 1525 3399 1623 3478; x_wconf 89' lang='lat' dir='ltr'><strong>inquo</strong></span> <span class='ocrx_word' id='word_1_360' title='bbox 1634 3407 1749 3455; x_wconf 88' lang='lat' dir='ltr'><strong>sanctus</strong></span> <span class='ocrx_word' id='word_1_361' title='bbox 1762 3397 1888 3456; x_wconf 84' lang='lat' dir='ltr'><strong>Poncius</strong></span> <span class='ocrx_word' id='word_1_362' title='bbox 1899 3395 1989 3454; x_wconf 73' lang='lat' dir='ltr'><strong>extitit</strong></span> <span class='ocrx_word' id='word_1_363' title='bbox 1997 3393 2088 3454; x_wconf 87' lang='lat' dir='ltr'><strong>decol-</strong></span> 
     </span>
     <span class='ocr_line' id='line_1_62' title="bbox 1415 3499 2088 3567; baseline -0.004 -7"><span class='ocrx_word' id='word_1_364' title='bbox 1415 3500 1501 3567; x_wconf 74' lang='lat' dir='ltr'><strong>latus,</strong></span> <span class='ocrx_word' id='word_1_365' title='bbox 1524 3499 1690 3559; x_wconf 83' lang='lat' dir='ltr'><strong>edificatum</strong></span> <span class='ocrx_word' id='word_1_366' title='bbox 1712 3511 1754 3558; x_wconf 88' lang='lat' dir='ltr'><strong>est</strong></span> <span class='ocrx_word' id='word_1_367' title='bbox 1769 3499 1977 3559; x_wconf 87' lang='lat' dir='ltr'><strong>monasterium</strong></span> <span class='ocrx_word' id='word_1_368' title='bbox 1989 3519 2088 3557; x_wconf 90' lang='lat' dir='ltr'><strong>mona·</strong></span> 
     </span>
     <span class='ocr_line' id='line_1_63' title="bbox 1415 3602 2089 3686; baseline -0.004 -24"><span class='ocrx_word' id='word_1_369' title='bbox 1415 3603 1537 3663; x_wconf 86' lang='lat' dir='ltr'><strong>chonun</strong></span> <span class='ocrx_word' id='word_1_370' title='bbox 1547 3603 1657 3663; x_wconf 88' lang='lat' dir='ltr'><strong>ordinis</strong></span> <span class='ocrx_word' id='word_1_371' title='bbox 1670 3604 1759 3663; x_wconf 88' lang='lat' dir='ltr'><strong>sancti</strong></span> <span class='ocrx_word' id='word_1_372' title='bbox 1771 3602 1995 3666; x_wconf 85' lang='lat' dir='ltr'><strong>Benedicti.ubi</strong></span> <span class='ocrx_word' id='word_1_373' title='bbox 2009 3623 2089 3686; x_wconf 88' lang='lat' dir='ltr'><strong>repo·</strong></span> 
     </span>
     <span class='ocr_line' id='line_1_64' title="bbox 1415 3703 2087 3790; baseline -0.006 -24"><span class='ocrx_word' id='word_1_374' title='bbox 1415 3708 1503 3767; x_wconf 88' lang='lat' dir='ltr'><strong>situm</strong></span> <span class='ocrx_word' id='word_1_375' title='bbox 1517 3707 1573 3765; x_wconf 89' lang='lat' dir='ltr'><strong>suit</strong></span> <span class='ocrx_word' id='word_1_376' title='bbox 1588 3728 1691 3790; x_wconf 88' lang='lat' dir='ltr'><strong>eorpus</strong></span> <span class='ocrx_word' id='word_1_377' title='bbox 1710 3706 1800 3765; x_wconf 84' lang='lat' dir='ltr'><strong>saneti</strong></span> <span class='ocrx_word' id='word_1_378' title='bbox 1815 3705 1929 3771; x_wconf 78' lang='lat' dir='ltr'><strong>poncii,</strong></span> <span class='ocrx_word' id='word_1_379' title='bbox 1944 3703 2087 3769; x_wconf 76' lang='lat' dir='ltr'><strong>decenter.</strong></span> 
     </span>
     <span class='ocr_line' id='line_1_65' title="bbox 1415 3807 2088 3892; baseline -0.001 -24"><span class='ocrx_word' id='word_1_380' title='bbox 1415 3811 1445 3870; x_wconf 90' lang='lat' dir='ltr'><strong>in</strong></span> <span class='ocrx_word' id='word_1_381' title='bbox 1459 3809 1571 3869; x_wconf 87' lang='lat' dir='ltr'><strong>turnulo</strong></span> <span class='ocrx_word' id='word_1_382' title='bbox 1584 3820 1733 3892; x_wconf 89' lang='lat' dir='ltr'><strong>preparato</strong></span> <span class='ocrx_word' id='word_1_383' title='bbox 1748 3809 1803 3868; x_wconf 92' lang='lat' dir='ltr'><strong>sub</strong></span> <span class='ocrx_word' id='word_1_384' title='bbox 1816 3809 1905 3891; x_wconf 85' lang='lat' dir='ltr'><strong>cripta</strong></span> <span class='ocrx_word' id='word_1_385' title='bbox 1917 3829 1975 3889; x_wconf 88' lang='lat' dir='ltr'><strong>que</strong></span> <span class='ocrx_word' id='word_1_386' title='bbox 1987 3807 2088 3868; x_wconf 86' lang='lat' dir='ltr'><strong>subtus</strong></span> 
     </span>
     <span class='ocr_line' id='line_1_66' title="bbox 1416 3910 2088 3996; baseline -0.004 -24"><span class='ocrx_word' id='word_1_387' title='bbox 1416 3924 1457 3972; x_wconf 91' lang='lat' dir='ltr'><strong>est</strong></span> <span class='ocrx_word' id='word_1_388' title='bbox 1473 3915 1501 3971; x_wconf 91' lang='lat' dir='ltr'><strong>in</strong></span> <span class='ocrx_word' id='word_1_389' title='bbox 1517 3913 1609 3996; x_wconf 88' lang='lat' dir='ltr'><strong>capite</strong></span> <span class='ocrx_word' id='word_1_390' title='bbox 1624 3910 1756 3979; x_wconf 86' lang='lat' dir='ltr'><strong>ecclesie,</strong></span> <span class='ocrx_word' id='word_1_391' title='bbox 1773 3933 1862 3992; x_wconf 91' lang='lat' dir='ltr'><strong>quam</strong></span> <span class='ocrx_word' id='word_1_392' title='bbox 1877 3911 2088 3970; x_wconf 87' lang='lat' dir='ltr'><strong>consessionem</strong></span> 
     </span>
     <span class='ocr_line' id='line_1_67' title="bbox 1415 4013 2088 4097; baseline -0.004 -23"><span class='ocrx_word' id='word_1_393' title='bbox 1415 4025 1529 4080; x_wconf 83' lang='lat' dir='ltr'><strong>vocant.</strong></span> <span class='ocrx_word' id='word_1_394' title='bbox 1549 4015 1600 4074; x_wconf 93' lang='lat' dir='ltr'><strong>ubi</strong></span> <span class='ocrx_word' id='word_1_395' title='bbox 1617 4013 1740 4073; x_wconf 84' lang='lat' dir='ltr'><strong>fideliter</strong></span> <span class='ocrx_word' id='word_1_396' title='bbox 1754 4023 1914 4074; x_wconf 75' lang='lat' dir='ltr'><strong>reiteratur.</strong></span> <span class='ocrx_word' id='word_1_397' title='bbox 1931 4013 2025 4097; x_wconf 85' lang='lat' dir='ltr'><strong>Caput</strong></span> <span class='ocrx_word' id='word_1_398' title='bbox 2038 4033 2088 4072; x_wconf 90' lang='lat' dir='ltr'><strong>au·</strong></span> 
     </span>
     <span class='ocr_line' id='line_1_68' title="bbox 1415 4114 2087 4203; baseline -0.007 -26"><span class='ocrx_word' id='word_1_399' title='bbox 1415 4129 1473 4179; x_wconf 88' lang='lat' dir='ltr'><strong>tem</strong></span> <span class='ocrx_word' id='word_1_400' title='bbox 1486 4121 1548 4201; x_wconf 89' lang='lat' dir='ltr'><strong>ejus</strong></span> <span class='ocrx_word' id='word_1_401' title='bbox 1561 4117 1662 4177; x_wconf 89' lang='lat' dir='ltr'><strong>dicunt</strong></span> <span class='ocrx_word' id='word_1_402' title='bbox 1672 4116 1805 4177; x_wconf 87' lang='lat' dir='ltr'><strong>monachi</strong></span> <span class='ocrx_word' id='word_1_403' title='bbox 1818 4139 1878 4203; x_wconf 90' lang='lat' dir='ltr'><strong>non</strong></span> <span class='ocrx_word' id='word_1_404' title='bbox 1890 4136 1951 4177; x_wconf 86' lang='lat' dir='ltr'><strong>esse</strong></span> <span class='ocrx_word' id='word_1_405' title='bbox 1963 4114 2087 4179; x_wconf 75' lang='lat' dir='ltr'><strong>ibidem.</strong></span> 
     </span>
     <span class='ocr_line' id='line_1_69' title="bbox 1415 4218 2089 4285; baseline -0.004 -5"><span class='ocrx_word' id='word_1_406' title='bbox 1415 4221 1466 4280; x_wconf 87' lang='lat' dir='ltr'><strong>sed</strong></span> <span class='ocrx_word' id='word_1_407' title='bbox 1495 4220 1616 4281; x_wconf 83' lang='lat' dir='ltr'><strong>credunt</strong></span> <span class='ocrx_word' id='word_1_408' title='bbox 1647 4231 1674 4279; x_wconf 89' lang='lat' dir='ltr'><strong>et</strong></span> <span class='ocrx_word' id='word_1_409' title='bbox 1702 4219 1816 4285; x_wconf 79' lang='lat' dir='ltr'><strong>dicunt.</strong></span> <span class='ocrx_word' id='word_1_410' title='bbox 1852 4219 1926 4279; x_wconf 90' lang='lat' dir='ltr'><strong>sicut</strong></span> <span class='ocrx_word' id='word_1_411' title='bbox 1951 4218 2089 4278; x_wconf 88' lang='lat' dir='ltr'><strong>traditum</strong></span> 
     </span>
     <span class='ocr_line' id='line_1_70' title="bbox 1414 4320 2089 4389; baseline -0.006 -6"><span class='ocrx_word' id='word_1_412' title='bbox 1414 4324 1547 4383; x_wconf 84' lang='lat' dir='ltr'><strong>habenta</strong></span> <span class='ocrx_word' id='word_1_413' title='bbox 1557 4344 1626 4383; x_wconf 88' lang='lat' dir='ltr'><strong>voce</strong></span> <span class='ocrx_word' id='word_1_414' title='bbox 1637 4334 1665 4383; x_wconf 92' lang='lat' dir='ltr'><strong>et</strong></span> <span class='ocrx_word' id='word_1_415' title='bbox 1678 4323 1752 4382; x_wconf 84' lang='lat' dir='ltr'><strong>sama</strong></span> <span class='ocrx_word' id='word_1_416' title='bbox 1764 4334 1906 4389; x_wconf 84' lang='lat' dir='ltr'><strong>veterum,</strong></span> <span class='ocrx_word' id='word_1_417' title='bbox 1919 4320 1991 4381; x_wconf 91' lang='lat' dir='ltr'><strong>illud</strong></span> <span class='ocrx_word' id='word_1_418' title='bbox 2003 4322 2089 4380; x_wconf 82' lang='lat' dir='ltr'><strong>luisse</strong></span> 
     </span>
     <span class='ocr_line' id='line_1_71' title="bbox 1413 4423 2088 4521; baseline -0.004 -36"><span class='ocrx_word' id='word_1_419' title='bbox 1413 4426 1541 4487; x_wconf 85' lang='lat' dir='ltr'><strong>delatum</strong></span> <span class='ocrx_word' id='word_1_420' title='bbox 1564 4426 1642 4512; x_wconf 90' lang='lat' dir='ltr'><strong>apud</strong></span> <span class='ocrx_word' id='word_1_421' title='bbox 1666 4426 1814 4521; x_wconf 77' lang='lat' dir='ltr'><strong>quandam</strong></span> <span class='ocrx_word' id='word_1_422' title='bbox 1841 4423 1937 4484; x_wconf 86' lang='lat' dir='ltr'><strong>villam</strong></span> <span class='ocrx_word' id='word_1_423' title='bbox 1959 4423 2088 4508; x_wconf 73' lang='lat' dir='ltr'><strong>dyocesis</strong></span> 
     </span>
     <span class='ocr_line' id='line_1_72' title="bbox 1415 4519 2088 4611; baseline -0.006 -23"><span class='ocrx_word' id='word_1_424' title='bbox 1415 4530 1624 4596; x_wconf 84' lang='lat' dir='ltr'><strong>Narbonensis,</strong></span> <span class='ocrx_word' id='word_1_425' title='bbox 1635 4551 1692 4611; x_wconf 91' lang='lat' dir='ltr'><strong>que</strong></span> <span class='ocrx_word' id='word_1_426' title='bbox 1704 4528 1854 4588; x_wconf 90' lang='lat' dir='ltr'><strong>abeodem</strong></span> <span class='ocrx_word' id='word_1_427' title='bbox 1871 4539 1970 4587; x_wconf 84' lang='lat' dir='ltr'><strong>sancto</strong></span> <span class='ocrx_word' id='word_1_428' title='bbox 1982 4519 2088 4585; x_wconf 85' lang='lat' dir='ltr'><strong>Poncio</strong></span> 
     </span>
     <span class='ocr_line' id='line_1_73' title="bbox 1415 4631 2087 4696; baseline -0.006 -5"><span class='ocrx_word' id='word_1_429' title='bbox 1415 4631 1479 4691; x_wconf 83' lang='lat' dir='ltr'><strong>villa</strong></span> <span class='ocrx_word' id='word_1_430' title='bbox 1492 4633 1588 4693; x_wconf 87' lang='lat' dir='ltr'><strong>Sancti</strong></span> <span class='ocrx_word' id='word_1_431' title='bbox 1599 4633 1701 4692; x_wconf 88' lang='lat' dir='ltr'><strong>Poncii</strong></span> <span class='ocrx_word' id='word_1_432' title='bbox 1711 4632 1749 4692; x_wconf 90' lang='lat' dir='ltr'><strong>de</strong></span> <span class='ocrx_word' id='word_1_433' title='bbox 1756 4633 1900 4691; x_wconf 79' lang='lat' dir='ltr'><strong>&#39;lomariis</strong></span> <span class='ocrx_word' id='word_1_434' title='bbox 1913 4632 2087 4696; x_wconf 80' lang='lat' dir='ltr'><strong>nominatur,</strong></span> 
     </span>
     <span class='ocr_line' id='line_1_74' title="bbox 1415 4731 2088 4796; baseline -0.009 0"><span class='ocrx_word' id='word_1_435' title='bbox 1415 4747 1443 4796; x_wconf 89' lang='lat' dir='ltr'><strong>et</strong></span> <span class='ocrx_word' id='word_1_436' title='bbox 1456 4735 1566 4795; x_wconf 88' lang='lat' dir='ltr'><strong>ibidem</strong></span> <span class='ocrx_word' id='word_1_437' title='bbox 1581 4736 1681 4796; x_wconf 88' lang='lat' dir='ltr'><strong>haberi</strong></span> <span class='ocrx_word' id='word_1_438' title='bbox 1697 4737 1727 4794; x_wconf 92' lang='lat' dir='ltr'><strong>in</strong></span> <span class='ocrx_word' id='word_1_439' title='bbox 1742 4736 1918 4795; x_wconf 82' lang='lat' dir='ltr'><strong>monasterio</strong></span> <span class='ocrx_word' id='word_1_440' title='bbox 1933 4731 2088 4794; x_wconf 74' lang='lat' dir='ltr'><strong>monacho</strong></span> 
     </span>
     <span class='ocr_line' id='line_1_75' title="bbox 1414 4834 2090 4899; baseline -0.007 -1"><span class='ocrx_word' id='word_1_441' title='bbox 1414 4861 1487 4898; x_wconf 91' lang='lat' dir='ltr'><strong>rum.</strong></span> <span class='ocrx_word' id='word_1_442' title='bbox 1501 4839 1649 4898; x_wconf 83' lang='lat' dir='ltr'><strong>Festivitas</strong></span> <span class='ocrx_word' id='word_1_443' title='bbox 1662 4840 1828 4899; x_wconf 83' lang='lat' dir='ltr'><strong>verosancti</strong></span> <span class='ocrx_word' id='word_1_444' title='bbox 1840 4838 1941 4897; x_wconf 88' lang='lat' dir='ltr'><strong>Poncii</strong></span> <span class='ocrx_word' id='word_1_445' title='bbox 1955 4834 2090 4897; x_wconf 88' lang='lat' dir='ltr'><strong>recolitur</strong></span> 
     </span>
     <span class='ocr_line' id='line_1_76' title="bbox 1414 4937 2088 5027; baseline -0.006 -26"><span class='ocrx_word' id='word_1_446' title='bbox 1414 4944 1443 5002; x_wconf 90' lang='lat' dir='ltr'><strong>in</strong></span> <span class='ocrx_word' id='word_1_447' title='bbox 1465 4943 1639 5002; x_wconf 87' lang='lat' dir='ltr'><strong>monasterio</strong></span> <span class='ocrx_word' id='word_1_448' title='bbox 1662 4942 1802 5027; x_wconf 88' lang='lat' dir='ltr'><strong>prelibato</strong></span> <span class='ocrx_word' id='word_1_449' title='bbox 1825 4943 1855 5001; x_wconf 92' lang='lat' dir='ltr'><strong>in</strong></span> <span class='ocrx_word' id='word_1_450' title='bbox 1877 4941 2021 5001; x_wconf 83' lang='lat' dir='ltr'><strong>territorio</strong></span> <span class='ocrx_word' id='word_1_451' title='bbox 2043 4937 2088 4998; x_wconf 90' lang='lat' dir='ltr'><strong>Ni·</strong></span> 
     </span>
    </p>
   </div>
   <div class='ocr_carea' id='block_1_17' title="bbox 0 0 2462 6375">
    <p class='ocr_par' dir='ltr' id='par_1_20' title="bbox 0 0 2462 6375">
     <span class='ocr_line' id='line_1_77' title="bbox 0 0 2462 6375; baseline 0 0"><span class='ocrx_word' id='word_1_452' title='bbox 0 0 2462 6375; x_wconf 95' lang='lat' dir='ltr'><strong> </strong></span> 
     </span>
    </p>
   </div>
  </div>
 </body>
</html>
