4916 6380
469 732 513 769 LBS

411 825 566 862 minusculas

472 919 506 956 ott

395 1012 513 1049 usuratu>
529 1013 581 1049 sut.

641 431 729 518 3110
1082 436 1089 443 ’
1226 427 1479 516 NOTICES

639 610 678 676 ad
696 609 874 697 capitulum
888 620 919 673 et
931 608 1084 695 recipient
1096 608 1277 683 redeuntes,
1289 619 1319 671 et
1335 629 1392 694 pro
1405 607 1556 672 omnibus
1573 608 1630 692 qui
1645 608 1728 672 bona
1744 605 1888 671 lecerunt
1904 609 2062 696 capitulo,

640 733 670 787 et
687 743 746 809 pro
762 744 801 815 ψ
818 721 874 806 qui
893 720 1051 807 petierunt
1067 718 1333 790 recommendari,
1347 718 1481 805 quilibet
1497 719 1640 783 sacerdos
1656 739 1756 782 unam
1770 717 1909 784 missam.

686 835 764 899 ltem
783 855 841 921 pro
857 832 1071 897 illustrissimo
1088 832 1233 919 principe
1253 830 1384 894 domino
1405 829 1519 896 Carolo
1542 852 1613 915 rege
1632 831 1765 895 Francie
1787 842 1817 894 et
1840 831 1970 897 domina
1992 856 2064 899 con·

640 957 721 1013 sorte
738 951 806 1032 ejus
823 945 909 1009 etde
928 947 998 1027 (sic)
1019 952 1082 1011 tota
1100 944 1196 1008 domo
1213 943 1359 1015 Francis,
1376 941 1511 1028 quilibet
1530 943 1672 1006 sacerdos
1686 965 1785 1007 unam
1802 943 1944 1009 missam.

686 1060 765 1122 Item
779 1079 837 1143 pro
851 1056 983 1121 domino
996 1076 1068 1139 rege
1083 1052 1196 1140 Anglie
1208 1066 1238 1118 et
1253 1065 1355 1118 matre
1369 1057 1437 1139 ejus
1451 1066 1482 1118 et
1495 1065 1559 1119 tota
1574 1055 1669 1119 domo
1683 1076 1754 1129 sua,
1773 1055 1908 1141 quilibet
1922 1058 2065 1123 sacerdos

642 1191 739 1234 unam
756 1168 898 1232 missam.
1706 1250 1713 1263 ⁸

686 1283 766 1346 Item
776 1302 834 1368 pro
848 1280 979 1344 domina
998 1279 1113 1345 Montis
1128 1279 1231 1342 Fortis
1249 1288 1280 1342 et
1297 1277 1406 1342 liberis
1419 1278 1484 1341 suis
1499 1288 1530 1341 et
1543 1278 1695 1342 uxoribus
1707 1279 1913 1353 eorumdem,
1931 1280 2067 1367 quilibet

641 1394 783 1458 sacerdos
799 1414 896 1457 unam
913 1393 1053 1456 missam.

686 1509 766 1573 Item
788 1526 846 1593 pro
865 1505 997 1568 domino
1018 1503 1201 1568 vicecomite
1217 1501 1466 1568 Ventlrodorensi
1488 1515 1519 1567 et
1535 1504 1668 1568 domino
1690 1504 1837 1591 episcopo
1853 1503 2046 1569 Tornacensi
2057 1554 2065 1580 ,

639 1617 738 1682 lratre
754 1638 827 1691 suo,
845 1628 876 1679 et
895 1614 1046 1680 fratribus
1065 1626 1097 1678 et
1118 1614 1279 1679 sororibus
1302 1613 1461 1701 ipsorum,
1481 1615 1617 1713 quilibet
1638 1615 1782 1679 sacerdos
1802 1637 1901 1680 unam
1923 1618 2064 1682 missam.

686 1732 766 1794 Item
777 1750 834 1815 pro
844 1728 975 1791 domina
985 1726 1214 1792 vicecomitissa
1224 1727 1357 1799 Bruere,
1369 1727 1500 1791 domino
1510 1728 1605 1791 castri
1615 1738 1649 1790 et
1660 1726 1726 1791 viro
1740 1749 1812 1815 suo,
1824 1738 1856 1792 et
1867 1750 1924 1815 pro
1934 1730 2066 1795 domina

640 1843 680 1905 de
698 1839 847 1913 Culento,
866 1840 933 1903 viro
950 1851 982 1903 et
997 1838 1104 1902 liberis
1121 1839 1201 1913 suis,
1222 1849 1253 1902 et
1267 1838 1400 1904 domino
1414 1840 1598 1905 vicecomite
1610 1839 1650 1903 de
1662 1840 1777 1925 Ruppe
1791 1839 1924 1905 Cavardi
1938 1852 1969 1904 et
1986 1842 2065 1905 vice

640 1953 797 2019 comitissa
810 1961 911 2016 matre
925 1972 981 2014 sua
999 1961 1030 2015 et
1041 1949 1111 2013 aliis
1124 1949 1231 2013 liberis
1246 1949 1328 2024 suis,
1347 1951 1483 2037 quilibet
1499 1952 1643 2016 sacerdos
1659 1972 1758 2015 unam
1772 1952 1913 2016 missam.

686 2066 766 2128 Item
785 2085 842 2150 pro
864 2063 994 2126 domina
1018 2062 1243 2126 vicecomitissa
1267 2062 1306 2126 de
1327 2062 1523 2128 Combornio
1540 2073 1571 2127 et
1585 2063 1770 2128 vicecomite
1790 2062 1855 2128 filio
1878 2086 1935 2128 suo
1952 2076 1982 2128 et
1996 2064 2066 2130 aliis

640 2175 747 2239 liberis
764 2174 844 2248 suis,
863 2183 894 2238 et
906 2173 1074 2258 Margarita
1086 2173 1125 2237 de
1138 2174 1229 2238 Petra
1244 2173 1370 2239 Buliera
1385 2168 1517 2238 domina
1528 2172 1568 2238 de
1579 2174 1790 2250 Combornio,
1804 2185 1835 2238 et
1846 2175 1976 2239 domina
1987 2175 2066 2242 Ysa·

641 2287 774 2352 bellede
789 2286 984 2352 Combornio
1001 2286 1149 2371 priorissa
1167 2285 1207 2349 de
1220 2284 1357 2369 Regula,
1368 2296 1399 2349 et
1415 2285 1546 2349 domina
1557 2285 1597 2350 de
1612 2285 1760 2352 Canhaco
1774 2297 1806 2351 et
1824 2286 1930 2351 liberis
1941 2289 2023 2361 suis,
2035 2299 2066 2350 et

640 2398 779 2463 dominis
795 2397 942 2462 Guidone
960 2396 999 2461 de
1015 2396 1173 2461 Turribus
1188 2408 1220 2460 et
1236 2418 1295 2482 pro
1310 2394 1451 2461 Gollerio
1465 2407 1581 2482 nepote
1595 2418 1653 2460 suo
1670 2408 1700 2461 et
1713 2398 1877 2483 Superana
1891 2411 1922 2462 et
1938 2398 2065 2463 domina

641 2508 800 2576 Germana
817 2520 848 2572 et
864 2508 995 2572 domina
1012 2507 1052 2571 de
1068 2508 1160 2593 Rupe
1176 2519 1208 2572 et
1229 2507 1336 2572 liberis
1353 2530 1482 2584 eorum,
1497 2508 1632 2595 quilibet
1647 2508 1790 2574 sacerdos
1808 2530 1906 2573 unam
1923 2510 2065 2575 missam.

686 2624 767 2686 Item
783 2642 842 2707 pro
856 2619 990 2684 domino
1005 2617 1202 2684 Guaucelmo
1221 2620 1261 2684 de
1280 2620 1372 2683 Petra
1388 2620 1513 2686 Buliera
1536 2632 1567 2684 et
1589 2619 1628 2684 de
1646 2619 1756 2685 Castro
1778 2621 1863 2685 Novo
1886 2631 1917 2685 et
1936 2622 2066 2686 domina

640 2735 813 2818 Margareta
830 2742 974 2797 consorte
995 2753 1053 2796 sua
1077 2743 1107 2795 et
1127 2730 1235 2795 liberis
1255 2754 1368 2797 eorum
1385 2744 1415 2796 et
1436 2733 1568 2797 domina
1585 2729 1673 2819 Ayda
1689 2753 1794 2798 sorore
1812 2754 1869 2797 sua
1887 2742 1918 2797 et
1934 2733 2066 2798 domino

640 2849 731 2912 Petro
746 2846 882 2932 Laporta
896 2846 963 2908 viro
980 2866 1036 2908 suo
1048 2855 1078 2908 et
1094 2842 1200 2908 liberis
1212 2856 1341 2916 eorum,
1357 2843 1494 2930 quilibet
1508 2844 1651 2909 sacerdos
1667 2866 1764 2909 unam
1781 2845 1923 2909 missam.

687 2958 765 3023 Item
773 2957 969 3045 prodomino
983 2956 1108 3021 Raterio
1123 2966 1154 3021 et
1165 2967 1310 3021 consorte
1325 2978 1382 3021 sua
1395 2967 1426 3021 et
1438 2968 1540 3021 matre
1556 2978 1614 3021 sua
1629 2968 1659 3020 et
1672 2955 1779 3021 liberis
1792 2978 1916 3030 eorum,
1930 2956 2064 3043 quilibet

641 3071 782 3137 sacerdos
799 3091 897 3135 unam
913 3071 1054 3134 missam.

686 3186 764 3248 Item
780 3204 839 3269 pro
853 3184 985 3267 Rogerio
998 3183 1037 3247 de
1053 3182 1155 3246 Lemo
1170 3193 1201 3245 et
1213 3192 1315 3245 matre
1331 3156 1387 3244 sui
1402 3192 1433 3245 et
1451 3180 1516 3244 lilio
1532 3203 1590 3260 suo
1606 3192 1636 3245 et
1649 3180 1800 3245 fratribus
1815 3181 1881 3244 suis
1897 3193 1928 3244 et
1940 3179 2009 3245 aliis
2025 3181 2065 3243 dc

639 3316 755 3379 genere
772 3316 829 3357 suo
841 3294 920 3357 vivis
937 3305 968 3358 et
984 3291 1135 3366 mortuis,
1153 3291 1285 3377 quilibet
1301 3291 1443 3356 sacerdos
1463 3313 1561 3357 unam
1580 3291 1721 3357 missam.

687 3408 766 3471 Item
780 3426 838 3493 pro
852 3403 985 3469 domino
1003 3402 1150 3469 Guidone
1166 3404 1268 3467 Bruni
1284 3403 1415 3468 domino
1432 3404 1549 3468 Montis
1566 3405 1667 3470 Bruni
1683 3415 1714 3468 et
1731 3410 1874 3469 consorte
1889 3427 1945 3469 sua
1963 3414 1994 3469 et
2007 3425 2064 3490 pro

640 3530 705 3582 toto
722 3540 834 3602 genere
851 3538 924 3591 suo,
939 3516 1018 3582 vivis
1033 3527 1064 3579 et
1078 3498 1226 3589 mortuis,
1246 3514 1383 3601 quilibet
1398 3516 1544 3581 sacerdos
1560 3538 1658 3580 unam
1677 3515 1818 3581 missam.

688 3630 767 3692 Item
781 3650 840 3715 pro
857 3627 991 3692 domino
1008 3627 1124 3691 Borma
1142 3638 1172 3691 et
1187 3640 1331 3691 consorte
1353 3649 1410 3691 sua
1432 3638 1463 3690 et
1482 3627 1590 3699 liberis
1610 3649 1739 3721 eorum,
1763 3650 1821 3714 pro
1844 3640 1943 3693 matre
1962 3638 2064 3692 suaet

628 3739 711 3803 ·aliis
724 3740 764 3803 de
778 3760 906 3825 genere,
919 3738 998 3804 vivis
1013 3748 1044 3803 et
1059 3736 1232 3815 defunctis,
1249 3738 1384 3826 quilibet
1402 3738 1545 3803 sacerdos
1561 3761 1660 3802 unam
1674 3741 1817 3805 missam.

687 3854 766 3916 Item
786 3873 844 3938 pro
862 3851 1001 3916 dominis
1016 3850 1199 3916 consulibus
1217 3851 1290 3916 ville
1305 3853 1537 3917 Lemovicensis
1554 3863 1586 3915 et
1602 3863 1684 3916 statu
1699 3852 1843 3939 ejusdem
1862 3850 1948 3924 ville,
1959 3862 1989 3915 et
2005 3865 2063 3937 pro

641 3963 812 4028 venerabili
831 3962 961 4050 collegio
985 3963 1191 4028 dominorum
1208 3964 1436 4027 canonicorum
1450 3963 1743 4036 Lemovicensium,
1759 3974 1790 4026 et
1814 3983 1871 4048 pro
1893 3961 2063 4025 Laurentio

641 4074 811 4148 Guidonis,
839 4096 990 4162 germano
1012 4075 1135 4140 domini
1160 4074 1366 4151 lodovensis,
1389 4087 1419 4139 et
1444 4085 1508 4139 toto
1531 4096 1645 4159 genere
1665 4097 1736 4147 suo,
1760 4072 1895 4160 quilibet
1919 4072 2064 4137 sacerdos

642 4208 741 4250 unam
756 4187 896 4251 missam.

687 4300 747 4362 Ista
762 4309 837 4361 suut
851 4298 999 4383 suffragia
1014 4320 1072 4385 pro
1087 4295 1254 4361 defunctis.

686 4412 746 4475 Pro
762 4411 894 4474 domino
911 4409 1054 4482 Nicolao,
1069 4409 1216 4496 episcopo
1239 4409 1410 4483 Hostiensi,
1427 4421 1458 4475 et
1471 4410 1603 4476 domino
1620 4410 1749 4477 Nicolao
1767 4409 1950 4496 presbytero
1965 4407 2062 4472 cardi·

640 4523 711 4587 nale
728 4534 758 4586 et
772 4522 905 4587 domino
922 4520 1096 4608 Reginaldo
1111 4521 1267 4586 Hostiensi
1285 4523 1449 4609 episcopo,
1464 4521 1600 4609 quilibet
1616 4523 1762 4588 sacerdos
1780 4543 1880 4587 unam
1896 4522 2037 4585 missam.

687 4635 765 4698 ltem
782 4654 841 4722 pro
860 4633 991 4698 domiuo
1012 4634 1137 4698 Raterio
1158 4645 1190 4699 et
1210 4634 1279 4721 ejus
1302 4657 1398 4700 uxore
1421 4647 1451 4699 et
1475 4634 1583 4700 liberis
1599 4635 1668 4721 ejus
1682 4635 1830 4701 Guidone
1846 4644 1877 4697 et
1893 4634 2015 4696 Ratone
2032 4642 2062 4697 et

641 4745 710 4810 aliis
724 4744 764 4809 de
779 4766 894 4831 genere
911 4745 981 4820 illo,
997 4745 1134 4831 quilibet
1151 4746 1295 4811 sacerdos
1311 4754 1410 4811 unam
1429 4746 1570 4810 missam.
