4928 6382
806 560 918 647 DES
950 558 1340 646 MANUSCRITS.
1702 552 1786 648 {107

418 742 541 814 Forma
556 740 665 810 liuere
680 738 723 810 de
740 741 928 835 penitencia
946 738 1121 808 arbitraria
1138 739 1173 807 in
1194 736 1334 833 publico
1349 760 1507 807 sermone
1520 739 1677 833 imposita
1692 752 1725 808 et
1739 742 1789 808 in·

362 850 481 961 juncta
498 861 542 933 de
558 861 714 932 crucibus
736 858 910 955 portandis
927 873 961 930 et
977 858 1309 954 peregrinacionibus
1333 857 1496 929 faciendis
1517 873 1551 929 et
1567 859 1639 929 aliis
1655 884 1790 955 genera·
1929 954 1932 961 1

366 985 454 1055 libus
472 980 696 1053 observandis.
1864 950 2017 1082 ”Tm

419 1103 540 1175 Forma
562 1101 711 1197 quedam
729 1099 880 1196 specialis
903 1097 1105 1193 imponendi
1123 1102 1350 1194 penitenciam
1372 1098 1471 1169 alicui
1489 1114 1790 1171 extrusermonem
1847 1138 1966 1177 masaa
1980 1139 2033 1175 esa.

367 1247 430 1318 pro
439 1221 549 1294 verbis
557 1221 699 1291 incautis
710 1232 745 1289 et
759 1220 944 1288 temerariis
957 1231 1155 1313 queoontra
1170 1242 1205 1286 se
1220 1220 1332 1313 ipsum
1345 1219 1399 1291 vel
1409 1233 1531 1291 centn
1540 1220 1645 1290 abunt
1655 1220 1790 1314 publice

366 1326 517 1415 evomuit
533 1345 567 1411 in
583 1338 779 1410 scandalum
798 1339 1037 1434 plurimorum.

418 1463 543 1535 Forma
562 1458 761 1556 imponendi
783 1460 1012 1555 penitenciam
1029 1461 1200 1528 minorem
1224 1458 1323 1549 aliem
1346 1463 1464 1554 juueni
1485 1474 1576 1531 esua
1597 1485 1791 1534 sermonem

366 1608 470 1682 super
480 1583 544 1654 biis
562 1607 629 1678 que
642 1583 812 1652 commisit
827 1582 863 1649 in
878 1579 987 1649 heresi
1004 1582 1039 1649 in
1046 1578 1196 1674 juvenili
1214 1593 1310 1649 etate.

419 1706 544 1777 Forma
561 1702 605 1773 de
621 1701 900 1772 reconciliacione
922 1714 957 1770 et
974 1699 1193 1770 absolucione
1215 1700 1366 1797 alicujus·
1378 1704 1532 1773 murensi
1552 1727 1571 1772 a
1589 1706 1743 1774 sumata
1760 1719 1793 1773 et

367 1831 434 1897 ritu
449 1840 484 1897 et
498 1823 668 1895 erroribus
684 1822 886 1894 Grecorum.
1134 1896 1139 1904 ,

419 1947 543 2017 Forma
559 1945 667 2015 littere
684 1942 729 2014 ad
745 1941 996 2038 imponendum
1015 1944 1242 2037 penitenciam
1264 1941 1475 2013 arbitrariam
1493 1942 1593 2012 alicui
1616 1957 1705 2014 extra
1726 1969 1793 2014 ser·

366 2091 508 2138 monem
527 2090 566 2135 ex
578 2064 690 2159 aliqua
707 2089 805 2135 causa
820 2061 1022 2134 rationabili.

417 2185 543 2257 Forma
561 2186 670 2255 littere
694 2181 929 2255 commutandi
946 2181 1100 2276 aliqum
1116 2184 1395 2277 penitenciamiin
1416 2187 1604 2281 ingrannum
1621 2185 1802 2278 religionis·

365 2334 407 2379 cx
424 2308 535 2402 eliqua
548 2309 605 2400 piu
621 2329 731 2375 causa.

420 2428 542 2498 Forma
557 2426 667 2495 littere
687 2422 881 2495 absolvendi
900 2437 934 2494 et
951 2423 1120 2518 quittandi
1136 2423 1284 2519 aliquem
1306 2427 1362 2494 cui
1378 2422 1443 2495 fuit
1460 2428 1625 2519 prcnu'ssa
1647 2428 1792 2519 gratiaci

367 2560 565 2642 procuraret
574 2548 651 2639 capi
660 2560 694 2615 et
705 2543 822 2616 baberi
833 2544 983 2640 aliquem
996 2544 1184 2617 hereticum
1198 2544 1250 2615 vel
1258 2544 1426 2615 hereticos
1440 2543 1555 2617 debito
1565 2570 1648 2615 cum
1658 2543 1789 2615 ellectu.

420 2668 544 2738 Forma
562 2668 671 2737 littere
689 2665 732 2737 ad
744 2666 993 2762 imponendum
1012 2668 1240 2762 penitenciam
1256 2663 1467 2737 arbitrariam
1489 2683 1578 2738 exue
1599 2691 1792 2737 sermonem

367 2787 586 2859 aliouiJudec
605 2813 666 2883 pro
682 2787 746 2859 biis
758 2813 827 2884 que
839 2790 1010 2861 cummisit
1022 2786 1231 2882 receptando
1240 2787 1389 2883 aliquem
1399 2787 1458 2860 vel
1465 2789 1598 2884 aliquus
1608 2788 1793 2883 baptizatos

366 2923 533 3005 apostatas
544 2910 599 2981 vel
617 2911 696 2980 alies
714 2908 865 2981 savorem
880 2910 1029 3005 aliquem
1046 2908 1277 3003 inpendendo,

419 3032 542 3102 Forma
566 3030 609 3101 ad
630 3029 875 3126 deponendum
893 3055 1011 3101 cruces
1025 3043 1115 3100 extra
1137 3052 1331 3101 sennonem
1352 3055 1423 3101 non
1440 3030 1646 3125 simpliciter,
1669 3029 1731 3102 sed
1750 3029 1794 3101 ad

367 3167 518 3247 tempus,
538 3152 649 3247 aliqua
664 3156 721 3247 pia
737 3176 847 3221 eausa.

419 3273 543 3342 Forma
569 3271 612 3342 ad
634 3271 879 3367 deponendum
900 3296 1017 3342 cruces
1041 3258 1130 3343 extln
1157 3296 1353 3343 sermonem
1380 3271 1478 3343 etad
1506 3271 1793 3377 commutandum

366 3395 651 3487 peregrinationes
668 3398 704 3463 in
721 3393 782 3463 alia
802 3392 1026 3464 determinate
1040 3417 1141 3488 opera
1156 3395 1295 3488 pietatis.

419 3514 543 3584 Forma
557 3515 803 3619 commissionis
821 3514 919 3584 alicui
935 3512 1087 3584 faciende
1104 3512 1148 3583 ad
1165 3512 1409 3608 deponendum
1431 3538 1557 3584 cruces.

419 3634 544 3704 Forma
560 3635 624 3705 alia
636 3635 787 3729 specialis
804 3635 1042 3707 committendi
1056 3635 1157 3706 alicui
1172 3649 1379 3730 potestatem
1397 3633 1593 3730 deponendi
1612 3661 1738 3708 cruces.

418 3754 506 3827 Item
523 3755 632 3827 forma
645 3756 707 3827 alia
723 3757 873 3852 specialis
890 3759 1140 3828 commissionis
1158 3755 1201 3827 de
1219 3755 1351 3828 eodem.

420 3876 545 3948 Forma
566 3878 676 3949 littere
699 3879 932 3950 testimonialia
955 3881 1161 3972 inquisitoris
1183 3903 1283 3973 super
1305 3876 1520 3973 deposicione
1542 3903 1684 3950 curcum
1707 3878 1792 3951 lacta

368 4024 429 4093 per
445 4000 552 4070 alium
568 4002 639 4070 vice
656 4003 740 4096 ejus.
1186 4073 1195 4085 ‚

420 4118 545 4190 Forma
562 4120 624 4190 alia
648 4118 844 4215 deponendi
861 4144 923 4191 seu
943 4118 1178 4192 commutandi
1198 4143 1313 4190 cruces
1331 4118 1430 4191 alicui
1447 4122 1573 4192 intuitu
1589 4120 1791 4193 libentinam.

420 4239 546 4310 Forma
571 4240 680 4311 littere
702 4240 870 4311 relaxandi
896 4239 938 4311 de
964 4266 1081 4323 muro,
1105 4266 1175 4311 non
1203 4240 1410 4336 simpliciter,
1434 4241 1496 4313 sed
1518 4241 1561 4313 ad
1578 4256 1729 4337 tempus,
1754 4266 1792 4310 ex

367 4385 467 4429 eausa
481 4360 594 4456 aliqua
609 4361 755 4455 speciali.

420 4478 544 4551 Forma
566 4477 678 4552 breuis
700 4494 735 4551 et
756 4483 949 4552 communis
972 4480 1208 4553 commutandi
1224 4485 1516 4579 peregrinaciones
1540 4485 1579 4553 in
1603 4483 1667 4553 aliu
1689 4505 1791 4578 opera

367 4602 509 4695 pietatis.
676 4698 679 4703 Ι

419 4722 505 4794 Item
523 4721 634 4795 forma
644 4723 707 4794 alia
717 4725 910 4795 communis
920 4720 1159 4795 commutandi
1169 4737 1203 4794 et
1214 4720 1439 4795 absolvendis
1452 4724 1794 4821 peregrinationibus.

1920 856 1964 894 bns

418 4844 502 4917 Item
523 4842 632 4916 forma
647 4845 711 4916 aliu
726 4860 893 4942 quantum
910 4843 1113 4917 admodum
1131 4842 1298 4941 loquendi
1312 4848 1347 4916 iu
1365 4871 1445 4919 casu
1463 4847 1738 4944 uliquwpefflu
