4928 6382
480 796 523 832 LRS

423 890 577 927 MANUOERHS

484 983 518 1020 ott

407 1076 525 1115 BBRMBD
538 1076 592 1116 GUI.

651 494 740 584 1130
1235 490 1492 583 NOTICES

651 675 835 751 Raimundi
864 676 909 748 de
935 675 1051 746 Penna
1083 674 1193 755 Porti,
1227 676 1323 744 tercii
1353 675 1502 768 magistri
1531 671 1660 744 ordinis
1685 671 1960 756 Predicatorum,
1988 700 2079 748 anno

650 797 800 871 secundo
811 795 1026 893 pontificatus
1038 794 1169 867 domini
1183 794 1348 866 iohannis
1362 820 1447 890 pape
1458 794 1565 878 Xle,
1581 809 1666 866 esset
1677 798 1713 865 in
1724 793 1907 877 Avinione,
1923 812 2080 890 presente

650 920 779 992 ibidem
796 932 987 989 memorato
1005 917 1096 988 dicto
1113 915 1256 1010 domino
1274 915 1484 998 Lodovensi,
1499 920 1558 1013 qui
1576 931 1657 987 tunc
1674 930 1746 987 erat
1757 919 1939 1013 inquisitor
1953 917 2080 991 Tbofo·

650 1068 750 1113 sanus
768 1055 801 1112 et
819 1054 1019 1137 procurator
1037 1039 1166 1112 ordinis
1182 1038 1438 1111 predicatorum
1456 1039 1635 1134 generalis,
1658 1064 1754 1121 cum,
1781 1042 1885 1111 estivo
1900 1053 2077 1135 tempore,

650 1180 717 1235 tres
734 1177 850 1234 noctes
867 1164 1060 1242 continuas,
1081 1177 1151 1233 tarn
1173 1187 1212 1233 ex
1227 1162 1447 1234 vehemencia
1467 1161 1586 1232 caloris
1606 1187 1710 1257 quam
1728 1187 1768 1232 ex
1785 1160 1990 1257 quibusdam
2008 1162 2078 1234 afiis

650 1283 897 1364 accidentibus,
917 1283 1066 1355 duxisset
1080 1287 1292 1380 insompnes,
1309 1297 1343 1353 et
1361 1311 1400 1354 ex
1412 1283 1479 1355 hoc
1491 1298 1619 1354 tantam
1632 1288 1784 1379 corporis
1797 1298 1830 1355 et
1846 1282 1942 1354 faciei
1960 1285 2079 1356 alters·

651 1410 788 1477 cionem
815 1431 853 1476 ac
882 1409 990 1479 tocius
1017 1429 1162 1500 persone
1190 1430 1250 1475 sue
1274 1403 1536 1476 destitucionem
1563 1408 1771 1486 incurrisset,
1797 1419 1837 1476 ut
1865 1405 2078 1478 omninode

650 1533 770 1600 mortis
788 1528 939 1623 periculo
957 1526 1173 1607 formidaret,
1188 1527 1328 1598 affectus
1346 1541 1459 1598 sancta
1476 1531 1732 1599 conversatione
1747 1525 1866 1623 prefati
1882 1532 1947 1600 viri
1961 1528 2027 1600 Dei
2045 1544 2079 1599 et

650 1674 709 1746 spe
727 1666 891 1746 concepta
909 1649 952 1720 de
971 1653 1043 1744 ejus
1061 1652 1205 1731 meritis,
1223 1649 1344 1722 devote
1365 1664 1399 1719 et
1416 1650 1593 1720 humiliter
1611 1650 1811 1744 supplicavit
1832 1649 1944 1721 eidem
1963 1664 2004 1721 ut
2020 1642 2078 1722 sua

652 1772 839 1844 devocione
857 1798 896 1843 ac
920 1775 1159 1843 intercessione
1174 1771 1371 1844 subveniret
1388 1771 1512 1843 eidem.
1531 1771 1601 1860 Qui
1619 1776 1672 1844 vir
1689 1771 1834 1844 devotus
1846 1795 1928 1843 rnox
1940 1786 1980 1842 ut
1994 1772 2079 1844 vidit

651 1893 757 1965 fidem
770 1895 879 1965 iliius:
895 1895 960 1965 «ln
975 1897 1131 1970 nomine,
1145 1897 1270 1989 inquit,
1287 1894 1367 1976 Dei,
1383 1898 1534 1990 precipio
1552 1918 1699 1990 sompno
1714 1908 1754 1964 ut
1770 1893 1887 1965 redeat
1900 1893 1943 1964 ad
1962 1896 2079 1966 ocutos

650 2019 858 2114 inquisitoris
876 2016 1106 2096 Barchinone,
1127 2015 1291 2112 quodque
1310 2015 1461 2088 discedat
1478 2014 1521 2086 ab
1537 2042 1578 2087 eo
1592 2018 1703 2086 omnis
1719 2014 1935 2112 indisposicio
1948 2018 2079 2112 inquie-

652 2152 736 2209 tans.
749 2167 764 2204 r>
785 2137 827 2208 Et
844 2163 922 2208 ecce
943 2138 1087 2209 verbum
1105 2140 1169 2209 viri
1186 2138 1250 2209 Dei
1268 2137 1381 2208 subito
1400 2152 1527 2208 tantam
1548 2136 1732 2208 efficaciam
1754 2137 1873 2210 babuit
1886 2153 1925 2209 ut
1942 2166 1981 2210 ex
1995 2153 2078 2209 tunc

651 2258 813 2330 continue
835 2259 981 2330 dulciter
1002 2260 1203 2331 dormiverit
1223 2273 1258 2331 et
1278 2261 1461 2358 quieverit,
1489 2259 1701 2356 dispositioni
1724 2263 1864 2357 pristine
1886 2262 2078 2357 plenissime

651 2384 834 2452 restitutus.

703 2503 797 2575 Alius
817 2529 957 2601 quoque
972 2503 1084 2586 frater,
1101 2504 1260 2577 videficet
1274 2505 1377 2576 frater
1394 2505 1604 2578 Guillermus
1623 2505 1666 2578 de
1683 2505 1853 2601 Gardaga,
1866 2506 2078 2588 Boioncnsis,

652 2629 688 2695 in
706 2624 828 2696 eodem
843 2626 937 2706 loco,
956 2625 1042 2696 infra
1062 2626 1207 2697 eandem
1226 2626 1470 2708 ebdomadam,
1490 2626 1585 2698 febre
1600 2641 1634 2697 et
1648 2626 1849 2698 discenterie
1867 2626 1991 2698 morbo
2009 2653 2078 2723 gra-

650 2750 737 2820 viter
755 2762 789 2818 et
801 2748 990 2842 periculose
1004 2763 1156 2830 vexatus,
1173 2747 1288 2820 audito
1305 2748 1400 2845 quod
1417 2747 1545 2819 factum
1562 2748 1672 2820 fuerat
1690 2775 1751 2843 per
1767 2762 1996 2819 memoratum
2014 2748 2078 2820 Dei

652 2868 820 2940 famulum
851 2873 939 2940 circa
967 2870 1137 2965 prefatum
1168 2872 1407 2966 inquisitorem
1438 2870 1670 2952 Barchinone‚
1704 2895 1784 2940 cum
1816 2873 2007 2942 visitaretur
2036 2871 2079 2942 ab

653 2991 791 3073 eodem,
815 2995 932 3087 petivit
955 3017 1037 3062 curn
1059 2990 1127 3063 fide
1148 3007 1182 3064 et
1200 2992 1381 3064 devotione
1405 2992 1552 3063 mirabili
1574 2992 1669 3089 quod
1696 2997 1878 3088 imperaret
1898 2992 2023 3064 morbo
2041 3008 2080 3063 ut

653 3112 842 3185 discederet
859 3113 901 3183 ab
921 3112 1054 3186 eodem.
1073 3114 1179 3203 Quod
1198 3138 1279 3185 cum
1302 3114 1358 3185 ille
1378 3139 1418 3185 ex
1439 3114 1632 3185 humilitate
1651 3115 1759 3185 nollet
1776 3116 1989 3211 acquiescere
2002 3138 2079 3209 sup·

651 3235 807 3329 pficanti,
825 3235 964 3306 tandem
981 3240 1089 3307 victus
1105 3240 1276 3307 instanciis
1293 3236 1437 3317 infirmi,
1457 3239 1633 3331 imperavit
1652 3234 1740 3305 febri
1758 3249 1791 3305 et
1807 3235 1932 3307 morbo
1949 3235 2079 3307 discen·

653 3360 735 3427 terie
748 3371 787 3426 ut
803 3382 821 3427 a
836 3357 894 3428 toli
912 3356 984 3438 die,
998 3356 1186 3428 videliceta
1204 3357 1290 3429 festo
1306 3358 1395 3429 beati
1407 3358 1597 3437 Dominici,
1615 3356 1711 3454 quod
1729 3372 1800 3435 erat
1817 3360 1853 3427 in
1865 3361 2010 3428 crastino
2024 3359 2077 3430 vei

652 3479 861 3574 insequenti
879 3493 956 3573 post
972 3480 1027 3550 die
1047 3478 1308 3559 celebrandum,
1329 3479 1499 3575 prefatum
1519 3479 1696 3550 infirmum
1714 3506 1786 3550 non
1804 3481 2019 3574 inquietaret.
2037 3464 2079 3550 Ei

653 3624 748 3679 ecce,
766 3603 852 3671 sicut
873 3600 917 3670 ab
934 3601 1057 3672 eodem
1072 3601 1173 3673 fratre
1191 3602 1398 3683 Guilferm0‚
1419 3627 1536 3673 coram
1553 3602 1668 3671 multis
1688 3616 1721 3672 et
1733 3605 1855 3697 sepius
1871 3626 1952 3674 cum
1967 3601 2080 3672 multi-

652 3721 730 3815 pttci
753 3727 972 3805 atestacione,
997 3724 1125 3805 audivi,
1152 3724 1195 3794 ab
1219 3725 1275 3795 itta
1299 3723 1354 3795 die
1375 3728 1409 3794 in
1434 3739 1533 3795 antea
1554 3727 1689 3819 penitus
1710 3750 1746 3795 se
1763 3728 1915 3795 sensiita
1937 3723 2032 3795 febre
2046 3738 2080 3794 et

652 3841 776 3914 morbo
793 3843 993 3916 discenterie
1007 3849 1080 3941 ejus
1094 3851 1223 3918 meritis
1239 3849 1376 3942 penitus
1389 3846 1581 3917 liberatum.

634 4052 642 4065 ε
705 3964 779 4035 Hec
793 3964 863 4036 duo
875 3968 968 4062 signa
984 3981 1017 4038 et
1034 3968 1187 4063 prodigia
1206 3968 1291 4040 adeo
1310 3968 1451 4040 bierunt
1469 3971 1600 4039 notoria
1620 3969 1655 4038 in
1672 3982 1841 4040 conventu
1860 3968 2078 4039 Asinionensi

652 4100 691 4156 ut
711 4086 813 4159 frater
830 4087 949 4159 Petrus
973 4090 1151 4167 Bernardi,
1175 4092 1383 4173 Baione‘nsis,
1403 4090 1627 4161 bacbailarius
1646 4105 1729 4161 tunc
1749 4094 1832 4162 sacri
1850 4090 1984 4186 palacii,
2004 4103 2080 4185 post

655 4210 807 4305 ejusdem
823 4214 964 4282 civitatis
983 4215 1175 4307 episcopus,
1189 4215 1324 4307 jocose,
1347 4239 1387 4283 co
1407 4227 1577 4307 presente,
1601 4214 1717 4282 multis
1736 4212 1934 4292 astantibus,
1961 4211 2080 4282 dixerit

633 4330 747 4437 quod
768 4331 889 4404 frustra
911 4333 1057 4404 instabat
1081 4334 1166 4405 ordo
1189 4332 1445 4406 predicatorum
1468 4359 1532 4430 pro
1552 4337 1802 4405 canonisatione
1826 4334 1971 4406 fratrum
1990 4348 2078 4404 mor·

653 4468 809 4533 tuorum,
828 4480 867 4524 ex
884 4481 954 4551 quo
974 4468 1106 4549 poterat
1116 4458 1316 4527 canonizare
1334 4470 1490 4527 sanctum
1505 4458 1636 4528 vivum.

705 4575 784 4647 Post
804 4576 936 4647 obitum
957 4603 1097 4675 quoque
1115 4581 1233 4674 ipsius,
1258 4576 1361 4650 frater
1378 4578 1529 4651 Thomas
1551 4579 1755 4659 Normanni,
1781 4581 1876 4674 prior
1894 4591 1976 4648 tunc
2001 4576 2081 4646 Fra·

652 4712 745 4769 trum
764 4698 1037 4780 predicatorum,
1056 4701 1265 4783 Lemovicis,
1286 4716 1386 4772 noete
1410 4701 1576 4798 quadam,
1599 4715 1675 4796 post
1693 4703 1875 4770 matutinas
1896 4700 2081 4769 consistens

653 4824 688 4891 in
710 4824 880 4901 oratione,
899 4821 993 4893 flexis
1005 4823 1162 4918 genibus,
1181 4827 1215 4894 in
1234 4824 1359 4907 cboro,
1381 4838 1459 4895 ante
1480 4812 1602 4894 sedern¹
1616 4823 1815 4917 prioralem‚
1841 4820 1925 4893 vidit
1941 4819 2082 4916 vigilans
