4928 6382
679 508 765 595 [128
1259 508 1517 597 NOTICES

414 709 639 722 -·····
676 704 711 760 et
724 689 860 762 duobus
875 691 910 761 in
926 688 1150 771 Carcassona,
1169 687 1271 759 simul
1285 691 1385 782 gessit
1403 703 1436 759 et
1450 688 1669 760 laudabiliter
1682 687 1892 785 adimplevit.
1910 690 1991 761 Fuit
2004 695 2106 764 etiam

505 808 549 845 nita

368 904 371 911 '
449 903 603 941 aant'scttlts

510 999 544 1034 Dii

432 1090 551 1128 BERNARD
565 1094 619 1130 nrt.

678 817 770 909 prior
787 812 971 884 Castrensis
986 814 1084 884 annis
1099 826 1256 908 quatuor,
1276 825 1311 881 et
1323 810 1458 883 duobus
1477 816 1512 882 in
1526 826 1700 885 conventu
1716 812 1966 895 Lemorieensi,
1981 812 2106 887 deinde

676 936 857 1030 inquisitor
870 935 1086 1005 Tbolosanus
1104 933 1201 1004 aunis
1219 931 1288 1004 lere
1304 931 1424 1019 xtltt
1440 939 1499 1030 qui
1518 936 1639 1015 etiam,
1654 933 1757 1004 simul
1771 959 1852 1005 cnm
1865 933 1980 1007 officio
1993 937 2105 1035 inqui·

676 1057 827 1135 sicionis,
847 1054 999 1126 cilicium
1018 1056 1247 1152 procuratoris
1265 1052 1395 1124 ordinis
1414 1057 1448 1124 in
1468 1058 1560 1126 curia
1579 1055 1734 1126 Romana
1754 1056 1851 1125 annis
1869 1053 1940 1127 [ere
1960 1070 2107 1152 quatuor

676 1178 889 1273 gubernavit.
908 1176 1010 1247 Hunc
1026 1180 1115 1247 rnisit
1131 1192 1165 1247 et
1177 1176 1357 1247 destinavit
1369 1175 1529 1248 dominns
1545 1176 1721 1248 lohannes
1736 1202 1822 1272 papa
1836 1176 1947 1259 XXlI,
1966 1178 2105 1274 pontili-

676 1317 768 1370 catus
792 1302 842 1369 sui
865 1324 956 1371 anno
980 1303 1109 1395 primo,
1131 1296 1215 1369 dum
1246 1295 1382 1394 prelatis
1408 1298 1529 1370 officiis
1554 1301 1783 1395 inquisitionis
1806 1314 1839 1370 et
1854 1302 2105 1393 procurationis

677 1422 884 1519 iungeretur,
903 1447 965 1517 pro
984 1447 1067 1517 pace
1086 1419 1304 1492 reformanda
1322 1419 1364 1490 ad
1383 1419 1486 1491 urbes
1505 1435 1538 1493 at
1552 1435 1665 1516 partes
1683 1419 1810 1502 Ytalie,
1830 1434 1865 1492 et
1883 1421 2103 1516 postmodum

675 1545 709 1611 in
737 1543 914 1612 Franciam
938 1567 1002 1638 pro
1019 1568 1100 1639 pace
1127 1546 1354 1638 interregem
1382 1557 1416 1612 et
1435 1542 1629 1638 Flamingos
1658 1540 1904 1614 confirmanda.
1931 1542 2102 1623 Tandem,

675 1688 754 1734 cum
771 1663 895 1736 XXXV
916 1666 1012 1734 annis
1031 1668 1065 1734 in
1085 1663 1285 1760 supradictis
1300 1663 1419 1735 officiis
1436 1689 1474 1734 ac
1495 1666 1530 1734 in
1548 1663 1744 1736 ambariatis
1766 1690 1830 1761 per
1843 1664 2034 1736 Romanam
2054 1692 2105 1736 ec-

675 1788 811 1856 clesiam
829 1786 893 1856 sibi
909 1788 1099 1857 commissis
1118 1787 1312 1880 peremnia
1332 1785 1547 1856 laudabiliter
1570 1812 1606 1856 se
1633 1789 1799 1882 gessisset,
1819 1785 1926 1857 lactus
1954 1785 2017 1858 luit
2042 1813 2105 1882 per

675 1905 825 1977 eundem
839 1906 1021 1978 dominum
1031 1906 1225 1978 iohannem
1240 1931 1365 2001 papam
1376 1906 1468 1978 XXIl
1485 1909 1518 1976 in
1534 1932 1640 2002 regno
1654 1905 1800 1978 Castelle
1813 1908 1924 2002 primo
1935 1906 2103 1980 Tndensis

676 2033 869 2125 episeopus,
888 2054 927 2098 ac
945 2027 1088 2110 deinde,
1106 2026 1191 2098 infra
1208 2054 1354 2108 annum,
1372 2026 1596 2124 pereundam
1617 2029 1811 2112 translatus,
1825 2044 1906 2101 octo
1921 2027 1990 2102 sere
2006 2034 2103 2101 annis

673 2155 881 2247 episcopatui
903 2150 1027 2247 prelnit
1045 2151 1237 2224 Lodovensi
1255 2153 1290 2221 in
1306 2154 1481 2247 provincia
1496 2151 1721 2223 Narbonensi.

726 2274 790 2345 Hic
812 2273 971 2345 dominus
995 2272 1207 2354 Bernartius,
1237 2287 1353 2344 mente
1373 2272 1517 2345 devotus
1538 2288 1572 2343 et
1595 2298 1754 2345 sermone
1775 2258 1964 2370 jocundus,
1984 2278 2102 2347 solitus

674 2412 746 2466 erat
763 2395 876 2466 dicere
897 2399 965 2466 suis
990 2394 1227 2476 familiaribus,
1249 2420 1334 2491 quos
1365 2409 1441 2490 post
1465 2420 1656 2490 pressuram
1683 2395 1785 2468 studii
1811 2424 1849 2468 ac
1880 2399 2101 2495 negociorum

674 2522 761 2588 circa
779 2516 901 2590 boram
918 2521 1028 2588 noctis
1047 2515 1222 2588 interdum
1240 2516 1330 2588 adse
1344 2516 1548 2600 advocabat,
1570 2533 1608 2589 ut
1620 2533 1830 2614 proponeret
1843 2521 1963 2616 aliquis
1982 2545 2100 2593 eorum

674 2639 810 2735 aliquod
829 2638 972 2710 verbnm
986 2639 1121 2710 bonesti
1137 2652 1170 2710 et
1178 2638 1324 2735 jucundi
1339 2640 1470 2721 solacii,
1485 2663 1635 2711 asserens
1650 2665 1720 2713 nnn
1734 2666 1806 2711 asse
1824 2640 1975 2737 probum
1989 2645 2100 2713 virum

673 2762 731 2857 qui
756 2760 848 2833 radit
866 2760 908 2831 ad
935 2760 1179 2832 dormiendum
1200 2761 1264 2830 nisi
1287 2761 1393 2832 semel
1419 2764 1453 2831 in
1479 2760 1534 2832 die
1553 2759 1652 2833 suerit
1666 2761 1890 2859 jucnndatns,
1908 2762 1966 2833 sed
1986 2766 2034 2834 sic
2051 2790 2101 2834 so·

675 2883 746 2954 brie
765 2884 824 2953 illo
843 2882 964 2954 solatio
983 2881 1143 2954 utebatur
1161 2897 1198 2953 nt
1219 2881 1357 2953 tandem
1374 2883 1487 2954 verbis
1506 2882 1734 2965 edificatoriis,
1755 2883 1878 2979 quibus
1902 2885 2102 2958 mirabiliter

672 3005 834 3076 allluebat
853 3008 888 3075 in
908 3003 1108 3087 devotione,
1129 3004 1328 3101 hujusmodi
1350 3006 1515 3077 solacium
1536 3008 1746 3078 terminaret.
1772 3005 1837 3076 Hic
1852 3008 1955 3077 etiam
1971 3007 2035 3079 luit
2050 3013 2100 3079 vir

672 3131 705 3197 in
725 3126 830 3200 verbo
850 3142 883 3198 et
904 3128 1030 3223 scripto
1051 3127 1157 3198 multa
1172 3126 1326 3198 facundia
1346 3128 1513 3225 preditus,
1534 3132 1569 3199 in
1593 3132 1688 3200 omni
1707 3114 1858 3200 bonitate
1877 3131 2097 3225 conspicuus,

672 3254 705 3319 in
724 3265 861 3344 aspectu
883 3264 917 3320 et
930 3250 1032 3321 allatu
1047 3253 1235 3346 graciosus,
1253 3265 1287 3320 et
1305 3253 1338 3320 in
1358 3249 1507 3347 hiisque
1526 3249 1567 3321 ad
1583 3251 1784 3346 religionem
1798 3266 1832 3322 et
1847 3251 1931 3323 labis
1949 3252 2098 3325 heretice

671 3375 995 3443 extenninacionem
1020 3375 1190 3466 pertinere
1210 3386 1351 3467 possunt
1374 3372 1567 3467 plenissime
1588 3371 1750 3443 eruditus.
1771 3372 1869 3444 Unde
1888 3370 1921 3444 et
1939 3373 2029 3447 libro
2048 3402 2100 3446 ac-

670 3508 785 3564 torum
802 3495 939 3588 capituli
955 3494 1138 3587 generalis,
1157 3519 1262 3590 quem
1281 3497 1352 3589 ipse
1370 3493 1413 3564 ad
1424 3496 1624 3565 instanciam
1644 3495 1752 3565 fratris
1772 3494 1959 3592 Aymeriri,
1979 3501 2099 3593 magis·

672 3615 713 3684 tri
748 3615 878 3687 ordinis
911 3615 1067 3685 Fratrum
1097 3614 1354 3686 Predicatorum
1386 3616 1465 3697 ΧΠ,
1501 3618 1710 3712 compilavit,
1740 3619 1893 3712 premisit
1916 3633 2098 3689 tractatum

670 3735 843 3832 quendam
863 3737 1026 3810 devotum
1044 3736 1173 3809 devotis
1191 3737 1235 3808 de
1254 3752 1402 3833 quatuor
1419 3741 1453 3809 in
1472 3737 1595 3835 quibus
1612 3738 1706 3810 Deus
1724 3738 1983 3811 predicatorum
2004 3738 2096 3813 ordi-

670 3883 751 3928 nem
765 3861 950 3953 insignivit,
964 3863 1000 3929 in
1020 3886 1090 3956 quo
1101 3863 1214 3930 cuncti
1228 3857 1346 3930 fratres
1355 3886 1494 3931 noscere
1503 3874 1666 3956 poterunt
1680 3864 1730 3931 sui
1746 3875 1850 3933 status
1862 3861 2047 3958 primordia
2065 3878 2098 3931 et

635 4076 640 4083 ι
670 4005 875 4075 progressus.
894 3982 1036 4052 Librum
1052 4008 1192 4079 quoque
1210 3982 1254 4053 de
1269 3986 1413 4077 practica
1432 3982 1535 4053 officii
1556 3985 1805 4079 inquisicinnis,
1823 3981 2014 4054 secundum
2027 4008 2098 4053 ma—

670 4105 753 4174 terie
774 4106 997 4198 exigendam,
1016 4107 1050 4173 in
1071 4117 1181 4198 partes
1202 4108 1356 4200 quinque
1374 4105 1588 4185 distinctum,
1608 4103 1797 4176 admodum
1816 4106 1936 4176 utilem
1957 4108 2097 4202 inquisi-

668 4224 815 4306 toribus,
830 4228 900 4321 ipse
918 4227 1099 4322 inquisitor
1117 4229 1260 4296 existens
1274 4251 1337 4321 pro
1350 4224 1598 4297 successoribus
1615 4226 1794 4299 ordinarit.
1812 4226 1996 4298 (ironicam
2013 4253 2098 4324 quo·

668 4374 735 4445 qua
759 4347 923 4419 famosam
949 4348 1048 4420 valde
1075 4347 1119 4420 de
1147 4348 1307 4420 Romanis
1333 4348 1567 4444 pontificibus,
1600 4346 1861 4444 imperatoribus
1890 4375 1929 4419 ac
1962 4346 2098 4444 regibus

671 4467 825 4550 Francie,
845 4468 986 4542 albesu
1009 4468 1145 4541 Christo
1163 4495 1265 4541 suum
1288 4468 1413 4541 faciem
1430 4473 1654 4566 principium,
1677 4472 1755 4573 stilo
1777 4473 1890 4542 veraci
1909 4496 1949 4540 ac
1969 4468 2095 4545 diseno

667 4614 776 4686 usque
795 4591 839 4662 ad
856 4617 916 4663 sua
934 4607 1089 4688 tempora
1106 4595 1328 4665 continuavit.
1348 4594 1439 4666 Vitas
1459 4617 1600 4689 quoque
1618 4606 1832 4671 sanctorum,
1851 4590 1895 4663 ad
1913 4592 2097 4687 instigatio

667 4736 749 4782 nem
770 4725 803 4781 et
819 4726 978 4807 rogatum
997 4713 1174 4786 reverendi
1191 4717 1295 4810 patris
1313 4711 1423 4784 fratris
1444 4712 1657 4809 berengarii,
1678 4715 1827 4809 magistri
1846 4713 1975 4785 ordinis
1998 4710 2094 4791 Xlll,

668 4832 888 4926 postmodum
904 4834 1145 4930 archiepiscopi
1165 4835 1436 4932 Conpostellani,
1454 4836 1508 4907 cui
1526 4835 1697 4908 ordinatio
1713 4834 1823 4907 fratris
1839 4832 1959 4906 Jacobi
1975 4834 2018 4905 de
2027 4833 2095 4907 Vo-
