4928 6382
673 533 762 620 384
1256 516 1520 615 NOTICES

407 734 635 751 -·-·-·-
672 713 811 783 cacione
827 708 1014 779 litterarum
1029 718 1219 776 nostrarum
1237 700 1406 784 iacienda,
1426 706 1584 799 quatinus
1602 700 1695 772 vobis
1712 701 1766 773 vel
1783 699 1952 798 deputatis
1969 726 2033 800 per
2043 726 2103 778 vos

501 834 545 872 nas

445 928 598 967 uanrsuurs

407 1005 446 1079 {5¹⁸⁵
506 1022 538 1060 ns

428 1116 545 1154 suasano
560 1114 612 1155 aur.

670 847 830 930 prompte
850 843 989 927 pareant
1005 843 1039 899 et
1062 824 1256 908 intendant3
1281 824 1375 922 quod
1397 827 1460 896 nisi
1481 824 1636 906 fecerint,
1662 826 1768 896 citetis
1787 824 1840 894 vel
1861 829 1954 897 citari
1976 826 2103 900 faciatis

671 979 757 1054 quos
768 978 839 1025 non
850 950 1045 1024 obedientes
1057 952 1250 1022 inveneritis
1263 961 1321 1019 aut
1334 945 1491 1028 rebelles,
1504 949 1677 1043 quatinus,
1694 945 1739 1018 ad
1751 960 1879 1018 certam
1893 947 1985 1020 diem
1997 974 2101 1046 quam

672 1079 718 1147 eis
736 1075 895 1146 duxeritis
918 1069 1167 1168 prefigendam,
1190 1069 1338 1142 'lholose
1361 1067 1582 1164 personaliter
1602 1083 1823 1164 compareant
1847 1094 1964 1141 coram
1985 1070 2098 1152 uobis,

673 1195 873 1270 mandatum
890 1208 1046 1266 nostrum
1068 1219 1171 1291 super
1186 1192 1254 1264 hoc
1273 1190 1419 1263 audituri
1438 1206 1471 1261 et
1484 1190 1604 1262 facturi
1624 1190 1704 1262 alias
1718 1189 1813 1288 quod
1830 1190 1933 1263 fuerit
1949 1195 2097 1265 rationis.

671 1321 798 1392 Datum
819 1317 883 1390 sub
905 1319 1112 1414 appensione
1139 1315 1236 1413 sigilli
1259 1318 1381 1396 nostri,
1405 1313 1568 1396 Tholose,
1590 1313 1700 1411 pridie
1721 1338 1829 1387 nonas
1849 1314 2010 1396 deriuari,
2038 1316 2101 1388 sub

670 1467 760 1513 anno
775 1442 916 1514 Domini
935 1448 1050 1512 u⁰ccc⁰
1058 1449 1112 1512 111⁰.

1362 1652 1411 1725 VI

670 1841 792 1889 carras
811 1843 852 1889 ua
868 1840 1016 1888 asarias
1030 1840 1085 1888 cor
1101 1836 1295 1886 oanosusnr
1310 1837 1349 1884 aa
1365 1836 1553 1885 aacnaacur
1573 1837 1631 1886 nas
1651 1837 1762 1885 ervnss
1775 1838 1861 1885 roras
1876 1838 1930 1894 our
1944 1836 2101 1887 uavuaur

960 1942 1040 2010 tras
1055 1940 1190 2018 salsis,
1206 1959 1286 2008 nans
1307 1937 1601 2008 cistarciensis
1619 1940 1812 2009 nataarms¹¹

1211 2113 1241 2184 [i
1250 2112 1352 2186 janviar
1367 2113 1436 2167 1310
1448 2110 1485 2186 [n.
1495 2112 1560 2189 sti.)

723 2296 836 2367 Nobili
851 2320 890 2365 ac
904 2299 1035 2392 potenti
1052 2298 1123 2367 viro
1140 2293 1282 2366 domino
1300 2293 1481 2365 senescallo
1497 2294 1649 2391 Agenesii
1667 2294 1721 2367 vel
1736 2297 1808 2392 ejus
1826 2294 1942 2367 locum
1954 2300 2096 2375 tenenti,

670 2418 773 2489 frater
793 2417 983 2489 bernardus
1000 2417 1182 2499 Guidonis‚
1202 2416 1330 2488 ordinis
1345 2415 1614 2499 predicatorum,
1635 2420 1814 2514 inquisitor
1830 2418 1977 2491 heretice
1994 2424 2100 2516 pravi·

668 2545 744 2611 tatis
764 2545 801 2611 in
819 2565 923 2636 regno
944 2539 1084 2610 Francie
1103 2564 1165 2636 per
1184 2538 1299 2611 sedem
1319 2539 1537 2635 apostolicam
1555 2538 1750 2635 deputatus,
1769 2539 1913 2611 salutem
1931 2544 1966 2611 in
1988 2554 2099 2612 actore

668 2660 749 2733 lidei
770 2661 922 2765 Domino
939 2659 1045 2731 ihesu
1067 2659 1213 2732 Christo.
1234 2660 1288 2732 Ad
1311 2662 1573 2756 extirpacionem
1591 2686 1746 2732 errorum
1764 2675 1796 2731 et
1814 2665 2006 2733 enancium
2025 2660 2100 2732 ubi·
2156 2668 2161 2677 “

669 2800 806 2879 cunque
826 2782 918 2853 etad
943 2782 1184 2853 exaltacionem
1204 2781 1282 2855 fidei
1304 2781 1505 2863 orthodoxe,
1527 2786 1597 2853 sine
1615 2808 1681 2879 qua
1701 2769 1773 2852 non
1791 2797 1840 2852 est
1856 2782 1958 2862 salus,
1978 2786 2100 2854 merito

671 2903 798 2975 debent
814 2907 941 3000 accingi
964 2929 1081 2975 omnes
1103 2908 1163 3001 qui
1182 2902 1299 2976 fideles
1317 2908 1463 3001 reputari
1486 2908 1628 3000 cupiunt
1648 2917 1682 2975 et
1700 2903 1832 2985 haberi,
1855 2907 2015 3000 precipue
2030 2908 2100 2974 cui·
2202 2993 2206 3000 ἡ

586 3058 590 3067 ·
670 3051 806 3122 cunque
824 3029 979 3123 regimini
994 3026 1219 3122 presidentes,
1236 3026 1360 3124 quibus
1374 3030 1486 3123 major
1499 3024 1636 3097 facultas
1657 3052 1675 3097 a
1692 3025 1784 3106 Deo,
1803 3050 1822 3095 a
1840 3051 1909 3121 quo
1926 3040 1976 3096 est
1989 3031 2100 3097 omnis

669 3162 831 3243 potestas,
847 3148 967 3219 collata
988 3173 1056 3218 esse
1072 3147 1260 3220 dinoscitur
1277 3149 1358 3220 alios
1373 3139 1587 3220 cohercendi.
1603 3147 1788 3238 Quocirca,
1805 3170 1885 3218 cum
1903 3149 1938 3217 in
1955 3146 2048 3220 libris
2065 3161 2099 3218 et

667 3274 799 3365 scriptis
827 3269 980 3366 pluribus
1010 3270 1646 3351 Judeorum,1naximetalmutonrm,
1674 3285 1708 3341 et
1731 3270 1831 3367 glosis
1862 3286 1894 3341 et
1918 3274 2100 3366 esposicio-

670 3391 770 3462 nibus
809 3390 1028 3472 eorumdem,
1064 3391 1175 3486 plures
1208 3394 1449 3463 contineantur
1487 3416 1616 3462 errores
1649 3393 1774 3486 pariter
1804 3404 1837 3461 et
1870 3390 2029 3462 horrores
2062 3416 2099 3461 ac

669 3512 843 3585 blasfemie
865 3517 1013 3585 nominis
1035 3513 1176 3584 Domini
1195 3513 1300 3585 Jhesu
1324 3512 1447 3588 Christi
1466 3528 1499 3584 et
1518 3515 1591 3611 ejus
1613 3516 1820 3585 sanctissime
1844 3517 2013 3611 genitricis
2038 3518 2101 3584 vir-

669 3639 754 3732 ginis
771 3635 878 3707 Maria
898 3660 937 3705 ac
956 3638 1105 3707 nominis
1124 3635 1311 3717 christiani,
1335 3662 1402 3733 que
1422 3635 1600 3732 reprobata
1617 3660 1687 3707 esse
1709 3649 1898 3707 noscuntur
1920 3640 2046 3731 pariter
2068 3649 2099 3704 et

668 3757 867 3853 dampnata,
890 3782 967 3836 vos,
989 3755 1032 3827 de
1049 3760 1145 3853 cujus
1163 3755 1230 3829 fide
1245 3782 1283 3828 ac
1302 3757 1371 3828 zelo
1389 3756 1468 3829 fidei
1483 3760 1605 3830 merito
1625 3755 1829 3828 confidimus
1847 3772 1880 3828 et
1898 3761 1933 3828 in
1948 3756 2098 3828 Domino

669 3877 938 3975 congaudemus,
956 3882 1153 3951 auctoritate
1168 3879 1352 3976 apostolica
1371 3905 1439 3976 qua
1457 3877 1631 3977 fungimur
1645 3883 1680 3949 in
1695 3879 1758 3949 hac
1774 3892 1883 3975 parte,
1896 3882 2099 3975 requirimus

670 4027 733 4097 per
750 4016 921 4097 presentes
940 4005 1066 4097 pariter
1084 4027 1123 4072 ac
1142 4027 1323 4073 monemus
1341 4004 1498 4099 quatinus
1518 4025 1636 4073 omnes
1652 4000 1757 4072 libros
1778 4002 1959 4101 omniaque
1976 4002 2098 4094 scripta

668 4124 876 4207 iudeorum,
890 4123 1151 4223 quibuscunque
1166 4124 1269 4196 titulis
1285 4139 1343 4194 aut
1357 4123 1555 4195 nominibus
1570 4138 1779 4206 censeantur,
1794 4149 1873 4195 cum
1889 4121 2002 4195 debita
2013 4122 2101 4195 solli·

669 4246 839 4329 citudine,
866 4251 960 4319 omni
988 4246 1156 4319 dilacione
1185 4250 1386 4342 postposita,
1418 4250 1617 4343 perquiratis
1644 4271 1703 4317 seu
1731 4248 1882 4344 perquiri
1910 4245 2036 4316 faciatis
2067 4259 2100 4315 et

665 4374 820 4466 capiatis,
840 4370 1038 4467 ubicunque
1051 4384 1084 4442 et
1101 4368 1193 4465 apud
1210 4393 1433 4467 quoscunque
1455 4367 1581 4440 fuerint
1598 4368 1640 4440 de
1655 4368 1815 4441 omnibus
1832 4367 1914 4439 locis
1931 4366 2025 4440 vobis
2042 4391 2100 4437 seu

667 4507 778 4564 vestro
799 4495 954 4590 regimini
974 4490 1162 4573 submissis,
1180 4505 1213 4562 et
1229 4490 1355 4562 faciatis
1369 4494 1497 4585 portari
1516 4489 1652 4562 eosdem
1669 4489 1772 4562 libros
1792 4515 1851 4561 seu
1871 4492 1991 4585 scripta
2010 4487 2100 4583 apud

668 4612 865 4710 Agennum,
892 4613 936 4686 ad
961 4612 1106 4686 domum
1135 4638 1195 4686 seu
1222 4627 1428 4685 conventum
1456 4612 1611 4684 Fratrum
1634 4612 1905 4692 predicatorum,
1936 4610 1995 4681 uhi
2019 4634 2099 4680 cum

708 4792 716 4822 ¹
735 4790 806 4845 Dans
824 4791 848 4844 la
864 4789 975 4845 seconde
992 4792 1073 4864 partie
1090 4790 1122 4846 de
1142 4791 1165 4845 la
1183 4791 1302 4865 Pratique
1318 4789 1351 4845 de
1372 4788 1555 4862 l'inquisitiou.
1575 4807 1623 4844 ms.
1644 4790 1679 4862 98
1702 4789 1734 4843 de
1751 4786 1893 4848 Toulouse.
1911 4787 1955 4843 fol.
1972 4788 2005 4859 37
2020 4798 2046 4843 et
2062 4790 2097 4848 νὴ

668 4902 718 4938 ms.
738 4883 787 4955 196
803 4882 834 4937 dc
847 4882 992 4946 Touiouse,
1004 4881 1048 4937 fot.
1065 4903 1106 4939 aa.
