4928 6382
504 809 550 848 la!

448 902 603 943 ’mmm

509 998 544 1037 DE

431 1092 551 1131 fflml)
565 1092 618 1130 our.
688 1098 692 1106 ’

1263 506 1519 596 Noricus

1360 807 1417 880 Ill

800 994 896 1042 COPlB
913 993 1001 1040 rttrtt
1019 990 1081 1040 PAR
1103 991 1325 1041 sententium
1344 992 1437 1040 D’Ullss
1456 991 1578 1040 terret
1598 992 1639 1039 ΒΕ
1659 992 1751 1041 stitit
1766 975 1977 1053 mumcue¹.

1258 1124 1301 1195 (δι
1314 1123 1420 1179 octobre
1433 1123 1527 1198 1305.)

728 1302 895 1374 Universis
913 1299 1038 1373 Christi
1063 1297 1218 1370 fidelibus
1240 1297 1284 1370 ad
1304 1323 1391 1396 quos
1412 1312 1583 1395 presentes
1604 1299 1716 1371 littere
1743 1304 1973 1395 pervenerint,
2003 1301 2105 1375 irater

676 1423 893 1505 Dominicus,
916 1421 1103 1494 (brenensis
1120 1425 1318 1503 canonicus,
1337 1421 1528 1516 predicator
1540 1424 1720 1504 minimus,
1741 1422 1886 1493 salutem
1905 1427 1942 1493 in
1956 1420 2102 1498 Christo.

675 1546 880 1617 Auctoritatc
905 1543 1036 1616 domini
1061 1542 1193 1614 abbatis
1218 1543 1463 1626 Cistcrciensis,
1493 1544 1674 1640 apostolice
1697 1544 1785 1616 sedis
1806 1545 1921 1641 legati,
1945 1551 2008 1644 qui
2037 1548 2105 1620 hoc

675 1666 774 1739 nobis
790 1668 935 1763 injunxit
951 1663 1120 1747 officium,
1140 1665 1399 1736 reconciliamus
1413 1668 1628 1761 presencium
1642 1664 1799 1749 latorem,
1817 1667 1984 1740 Poncium
1999 1669 2104 1766 Rege

674 1791 780 1870 rium,
802 1786 846 1857 ab
868 1786 1096 1858 hereticorum
1118 1801 1225 1869 secta,
1247 1787 1320 1858 Deo
1344 1786 1520 1883 largiente,
1544 1812 1766 1870 conversum,
1791 1788 1992 1862 mandentes
2015 1795 2046 1862 ei
2068 1795 2103 1862 in

673 1912 795 1981 virtute
814 1912 941 2004 prestiti
968 1912 1167 1979 sacramenti
1191 1923 1230 1980 ut
1250 1908 1358 1979 tn‘bus
1381 1908 1561 1981 dominicis
1583 1924 1642 1981 aut
1666 1908 1758 1981 sestis
1779 1909 1899 1982 diebus
1916 1910 2103 1984 ducetura

673 2030 866 2113 sacerdote,
881 2029 994 2102 nudus
1012 2033 1047 2101 in
1065 2028 1298 2113 femoralibus,
1315 2030 1359 2102 nb
1376 2034 1529 2128 ingressu
1542 2031 1621 2104 ville
1641 2056 1748 2130 usque
1766 2031 1809 2104 ad
1824 2033 2014 2115 ecelesiam,
2028 2060 2102 2107 ver-

674 2151 838 2225 berando.
857 2151 1070 2249 injunximus
1085 2155 1187 2223 etiam
1203 2152 1251 2223 illi
1267 2168 1307 2223 ut
1322 2179 1341 2223 a
1356 2152 1530 2237 semibus,
1547 2157 1618 2227 ovis
1629 2169 1663 2225 et
1672 2157 1775 2226 caseis
1792 2179 1851 2224 seu
1865 2154 2025 2227 omnibns
2035 2180 2101 2253 que

673 2277 898 2345 sementinam
914 2274 1053 2346 trahunt
1075 2277 1185 2345 carnis
1205 2278 1371 2373 originem
1393 2274 1556 2347 abstineat
1581 2278 1677 2347 omni
1698 2290 1868 2372 tempore,
1889 2292 2028 2373 excepto
2045 2276 2101 2349 die

673 2395 789 2478 Pasce,
808 2395 863 2468 die
882 2395 1118 2468 penthecostes
1135 2410 1168 2467 et
1189 2396 1244 2468 die
1262 2396 1386 2470 Natalis'
1404 2396 1561 2478 Domini,
1583 2401 1619 2467 in
1638 2396 1762 2494 quibus
1783 2398 1827 2470 ad
1844 2397 2101 2495 abnegationem

673 2522 795 2591 erroris
816 2522 948 2615 pristini
965 2522 1172 2615 precipimus
1195 2523 1226 2591 ei
1243 2533 1284 2590 ut
1303 2522 1349 2589 eis
1371 2534 1537 2592 vescatur.
1556 2519 1641 2590 Tres
1657 2519 1929 2616 quadragesimas
1952 2520 2050 2595 faciat
2066 2525 2101 2595 in

673 2666 763 2713 anno
777 2666 796 2711 a
808 2639 956 2737 piscibus
969 2639 1149 2711 abstinens.
1159 2641 1284 2712 Tribus
1294 2640 1414 2713 diebus
1424 2644 1460 2712 in
1472 2641 1663 2737 epdomada
1677 2668 1838 2738 sempera
1850 2642 2014 2738 piscibus,
2026 2643 2101 2715 oleo

673 2778 705 2834 et
718 2766 796 2834 vino
810 2761 974 2833 abstineat
987 2777 1020 2833 et
1029 2765 1179 2860 jejunet,
1192 2766 1255 2834 nisi
1270 2763 1454 2859 corporalis
1465 2762 1641 2835 infirmitas
1653 2764 1706 2836 vel
1717 2764 1849 2836 labores
1862 2767 1971 2835 estatis
1985 2791 2101 2862 exege-

578 2981 586 2997 ,
671 2887 740 2954 rint
761 2883 1056 2979 dispensationem.
1077 2883 1249 2981 Religiosis
1273 2883 1422 2957 vestibus
1445 2884 1607 2956 induatur
1629 2900 1700 2956 tam
1725 2889 1761 2956 in
1781 2884 1908 2966 forma,
1932 2901 2006 2959 tum
2023 2888 2100 2984 (sic)

588 3020 590 3027 '
672 3008 773 3076 etiam
790 3008 825 3077 in
848 3000 983 3087 coloreJ
997 3004 1121 3102 quibus
1138 3009 1174 3075 in
1196 3004 1325 3077 directo
1345 3009 1520 3105 utriusque
1539 3006 1664 3102 papille
1682 3006 1811 3103 singule
1829 3032 1946 3078 cruces
1963 3009 2101 3115 parvule

670 3131 737 3198 sint
751 3141 868 3198 assutc.
886 3126 1061 3209 Cothidie,
1074 3131 1101 3198 si
1114 3141 1324 3223 oportunum
1334 3126 1452 3209 fuerit,
1470 3131 1606 3199 missam
1622 3127 1751 3210 audiat,
1764 3144 1799 3199 et
1813 3128 1932 3201 dicbus
1950 3127 2040 3201 festis
2055 3129 2101 3202 ad

670 3270 824 3346 vesperas
841 3252 877 3320 in
895 3249 1033 3320 ecclesia
1047 3263 1174 3346 pergat.
1194 3248 1283 3320 Alias
1295 3248 1411 3332 boras,
1430 3264 1501 3320 tem
1515 3263 1698 3321 nocturnas
1709 3276 1816 3345 quam
1829 3254 1932 3321 etiam
1944 3249 2098 3331 diurnas,

670 3370 868 3467 ubicunque
891 3369 1005 3452 fuerit,
1032 3370 1107 3442 Deo
1129 3369 1263 3451 reddat,
1289 3370 1416 3442 scilicet
1438 3375 1565 3468 sepcies
1584 3376 1619 3442 in
1645 3372 1700 3443 die
1723 3371 1836 3444 decies
1861 3371 1960 3444 Pater
1983 3387 2101 3445 noster

670 3492 774 3575 dicat,
794 3492 905 3564 media
919 3508 1021 3564 nocte
1032 3495 1145 3589 vigies.
1162 3492 1359 3565 Castitatem
1373 3498 1507 3589 penitus
1523 3493 1692 3577 observet,
1708 3508 1742 3565 et
1755 3509 1891 3566 maneat
1901 3495 1992 3591 apud
2007 3495 2099 3567 Trie-

669 3619 760 3685 rlum
782 3614 896 3685 villam
904 3616 928 3684 2.
953 3612 1090 3685 Cartam
1116 3619 1214 3686 istam
1237 3615 1413 3711 capellano
1438 3642 1500 3687 suo
1524 3642 1586 3712 per
1609 3616 1758 3712 singulos
1779 3642 1913 3687 menses
1934 3594 2098 3689 ostendat.

670 3734 854 3831 Capeliano
870 3740 972 3809 etiam
988 3739 1196 3831 precipimus
1209 3751 1248 3809 ut
1262 3736 1305 3808 de
1319 3739 1384 3807 vita
1402 3739 1473 3834 ejus
1490 3763 1607 3808 curam
1625 3736 1822 3833 diligentem
1839 3737 2008 3810 adhibent.
2026 3739 2098 3811 llec

670 3861 785 3929 omnia
796 3856 972 3954 diligenter
980 3858 1146 3941 observet,
1161 3858 1273 3931 donec
1284 3884 1387 3955 super
1396 3859 1461 3930 hiis
1473 3884 1570 3929 suam
1585 3859 1684 3931 nobis
1698 3864 1862 3955 exprimat
1874 3858 2096 3932 voluntatem.

666 3978 775 4070 Quod
791 3983 819 4052 si
840 3980 1016 4053 observare
1032 3985 1289 4076 contempserit,
1306 3995 1470 4077 tanquam
1489 3983 1681 4077 perjurum,
1702 3981 1888 4053 hereticum
1907 3995 1941 4051 et
1962 4006 2096 4053 excom·

669 4105 883 4174 municatum
901 4101 1017 4174 haberi
1036 4106 1257 4199 precipimus,
1277 4118 1310 4174 et
1327 4129 1347 4175 a
1364 4100 1517 4175 fidelium
1535 4106 1711 4175 consorcio
1730 4105 1940 4200 sequestrari.

720 4225 849 4297 Datum
865 4250 938 4296 non
956 4238 1028 4295 erat
1041 4227 1078 4296 in
1096 4224 1215 4295 littera.

720 4346 910 4419 Prcdictam
927 4347 1073 4418 litteram
1093 4345 1257 4418 deverbo
1275 4344 1477 4417 adverbum
1499 4349 1569 4417 sine
1591 4345 1765 4418 additione
1787 4347 1840 4418 vel
1865 4347 2098 4421 diminucione

666 4469 808 4566 alicujus
825 4472 938 4540 inveni
957 4467 1119 4539 custodiri
1137 4493 1218 4539 cum
1240 4466 1418 4565 diligencia
1433 4483 1468 4539 et
1482 4468 1667 4541 devocione
1684 4467 1834 4541 Tholose
1850 4495 1870 4540 a
1888 4473 2040 4552 sacrista,
2058 4474 2095 4540 in

668 4591 775 4662 littera
790 4605 823 4661 et
836 4601 1043 4687 pergameno
1061 4592 1213 4673 vetustis',
1230 4614 1311 4660 cum
1328 4589 1435 4686 sigillo
1454 4615 1551 4660 cereo
1564 4588 1676 4660 adbuc
1691 4593 1839 4684 integro,
1860 4588 1920 4661 sed
1936 4593 2094 4687 antiquo,

706 4772 713 4803 ¹
733 4768 782 4821 Ma.
800 4765 852 4838 ²7³
865 4765 898 4820 de
907 4765 1049 4829 Touionse,
1063 4766 1107 4821 sol.
1119 4767 1172 4840 ³9⁶
1188 4777 1216 4823 ot
1230 4771 1264 4824 v⁹.
1277 4767 1342 4840 voy.
1456 4767 1466 4799 2
1484 4767 1532 4822 «ln
1544 4765 1646 4839 dyocesi
1656 4764 1802 4820 Tholosena
1816 4774 1856 4819 est
1867 4764 1997 4819 Trierinm
2008 4762 2095 4819 villa.»

670 4863 796 4920 tlnrtene,
812 4858 961 4926 viennas,
976 4860 1000 4920 1.
1015 4862 1080 4916 802.
1420 4861 1482 4915 Note
1494 4859 1526 4916 de
1540 4858 1653 4916 Bunard
1666 4859 1727 4915 Gui.
