4928 6382
429 864 434 873 .
491 834 540 869 <ies

440 902 594 965 uasrsenrrs

500 1022 534 1058 on

423 1116 540 1153 seusana
555 1116 600 1154 nor

667 534 755 622 388
1254 527 1511 618 NOTlCES

662 717 796 811 justicia
812 709 891 783 fidei
905 734 1010 808 quam
1022 707 1145 780 fecerat
1157 722 1191 779 et
1198 706 1350 789 tenebat,
1365 704 1555 803 feceratque
1570 732 1689 778 omnes
1702 706 1899 780 domicellos
1915 709 2088 811 deponere
2207 770 2213 779 .

666 862 761 908 enses
789 848 822 905 et
846 832 973 930 gladios
997 855 1111 902 eoram
1135 833 1208 926 ipso
1230 844 1306 900 ante
1329 831 1506 899 introitum
1528 831 1682 910 civitatis,
1709 845 1846 927 eratque
1871 830 1987 904 videre
2007 834 2089 906 hinc

666 956 843 1055 gaudium,
869 956 949 1026 binc
976 954 1174 1027 lamentum.
1203 950 1327 1023 Actum
1348 966 1397 1022 est
1419 950 1486 1022 hoc
1508 976 1597 1022 anno
1626 952 1765 1024 Domini
1793 978 1915 1035 uoccr,
1942 980 1977 1027 nr
2002 955 2089 1053 ydus

667 1078 852 1151 Februarii.

717 1199 890 1293 interque
906 1195 994 1267 mala
1008 1209 1238 1291 apposuerunt
1254 1194 1432 1266 adversarii
1449 1209 1483 1265 et
1500 1194 1629 1265 Fratres
1646 1193 1888 1279 predicatores,
1909 1197 2028 1271 eadem
2043 1197 2087 1270 de

665 1345 778 1400 causa,
805 1317 1107 1416 ubiquepersequi
1129 1330 1162 1387 et
1186 1316 1379 1399 molestare,
1402 1332 1435 1387 et
1459 1319 1631 1413 vituperiis
1652 1342 1691 1387 ac
1710 1319 1840 1413 injuriis
1862 1318 2021 1390 lacessere
2048 1345 2088 1390 ac

664 1442 799 1539 publice
820 1438 1008 1521 diffamare,
1028 1454 1061 1509 et
1079 1438 1223 1512 verbum
1243 1438 1382 1510 Domini
1404 1442 1440 1509 in
1458 1464 1516 1510 ore
1533 1442 1687 1535 ipsorum
1702 1439 1882 1534 impedire,
1899 1444 1936 1511 iu
1955 1456 2089 1515 tantum

665 1562 758 1661 quod
782 1566 817 1633 in
841 1566 912 1659 ipsa
931 1565 1061 1634 civitate
1087 1560 1185 1633 Albia
1208 1561 1338 1633 Fratres
1362 1560 1606 1644 Predicatores,
1630 1564 1690 1656 qui
1713 1564 1842 1635 iverant
1863 1562 2019 1659 quadarn
2035 1564 2089 1636 die

665 1685 844 1757 Dominica
872 1688 979 1781 prima
1004 1688 1040 1755 in
1065 1683 1222 1756 Adventu
1245 1684 1385 1755 Domini
1409 1710 1500 1755 anno
1523 1684 1664 1755 Domini
1685 1692 1721 1755 u⁰
1737 1708 1796 1754 coc
1811 1693 1847 1754 11⁰
1869 1682 1913 1755 ad
1936 1684 2091 1759 ecclesias

664 1808 778 1878 Sancti
797 1806 897 1879 Salvii
918 1821 951 1877 et
967 1806 1088 1876 Sancte
1105 1804 1277 1877 Marciano
1295 1819 1328 1875 et
1345 1804 1423 1879 alibi
1440 1803 1484 1875 ad
1498 1803 1746 1901 predicandum
1759 1805 1903 1878 verbum
1920 1806 1999 1881 Dei.
2019 1805 2091 1877 lue·

664 1945 745 2000 runt
761 1931 857 2024 ejecti
877 1930 1020 2022 turpiter
1037 1941 1069 1997 et
1087 1926 1223 2022 publice
1245 1925 1287 1998 de
1308 1925 1468 2007 ecclesiis,
1489 1940 1522 1996 et
1541 1924 1586 1996 do
1602 1925 1685 1997 locis
1702 1929 1738 1995 in
1757 1924 1881 2023 quibus
1903 1924 1946 1996 ad
1965 1951 2089 2023 propo-

665 2049 818 2121 nendum
834 2048 977 2121 verbum
995 2048 1055 2118 Dei
1065 2074 1100 2118 se
1114 2046 1340 2144 preparabant
1358 2047 1501 2141 depositi
1511 2061 1544 2118 et
1554 2045 1708 2132 demissi3
1721 2062 1754 2118 et
1766 2046 1906 2144 quidam
1917 2051 2087 2144 ipsorum,
2172 2082 2180 2095 ·

664 2175 722 2269 qui
740 2186 815 2242 actu
830 2169 1040 2266 predicabat,
1060 2167 1123 2241 luit
1139 2170 1304 2242 violenter
1327 2183 1448 2240 tractus
1468 2183 1500 2238 et
1523 2168 1676 2265 inpulsus
1694 2183 1727 2240 et
1751 2173 1875 2265 ejectus
1890 2167 1933 2240 de
1953 2170 2089 2243 eeclesia

664 2292 770 2363 Castri
784 2291 928 2374 Veteris,
943 2291 1044 2362 irater
1057 2293 1257 2363 Dominicus
1272 2291 1432 2372 Leuterii,
1448 2305 1480 2361 et
1489 2294 1599 2361 socius
1616 2292 1688 2386 ejus
1703 2294 1870 2373 novicius,
1883 2295 2089 2388 periniquos

664 2417 804 2484 omuino
827 2428 998 2485 extraneos
1020 2414 1083 2485 sibi
1101 2427 1284 2509 temptatus
1299 2411 1343 2483 ad
1360 2415 1487 2483 exitum
1499 2410 1643 2495 ordinis,
1663 2416 1722 2509 qui
1738 2438 1777 2483 ex
1793 2413 1861 2485 boc
1877 2416 2012 2508 spiritus
2028 2413 2090 2484 ser·

662 2562 741 2607 vore
757 2550 957 2632 conceptus,
978 2561 1048 2608 non
1073 2534 1185 2605 solum
1205 2560 1276 2606 non
1295 2538 1464 2606 consensit
1483 2536 1644 2604 ministris
1661 2532 1824 2615 Satbane,
1840 2561 1960 2606 verum
1977 2538 2086 2632 ipsos¹

662 2660 801 2730 viriliter
813 2659 937 2753 repulit
946 2672 980 2728 et
989 2656 1144 2729 confudit
1153 2661 1227 2727 etin
1239 2657 1358 2729 ordine
1368 2658 1584 2727 constantior
1593 2670 1641 2727 est
1651 2653 2089 2754 effectus30lamabaturque

663 2793 780 2850 contra
809 2802 865 2848 eos
885 2776 938 2853 Ad
954 2776 1143 2875 proditores!
1161 2776 1214 2848 Ad
1233 2777 1428 2873 proditores!
1444 2777 1644 2849 Morientur!
1661 2777 1864 2849 Morientur!
1885 2791 1918 2847 et
1942 2781 1986 2848 ita
2009 2802 2089 2849 cum

662 2903 834 2997 vituperiis
854 2912 888 2969 et
905 2901 1118 2975 contumeliis
1140 2903 1192 2970 vix
1208 2903 1362 2996 permissi
1379 2898 1517 2973 fuerunt
1536 2898 1579 2969 ad
1596 2912 1802 2974 conventum
1821 2897 1949 2980 redire,
1970 2924 2035 2969 neo
2050 2925 2090 2971 ex

661 3038 744 3093 tunc
759 3024 912 3117 permissi
927 3019 1065 3092 luerunt
1079 3025 1114 3092 in
1128 3020 1274 3092 ecclesiis
1286 3047 1348 3117 per
1363 3024 1516 3118 quinque
1531 3033 1588 3090 aut
1602 3046 1657 3091 sex
1672 3045 1778 3090 annos
1789 3020 1932 3091 verbum
1948 3021 2088 3095 Domini

662 3142 851 3239 predicare,
871 3168 933 3214 nec
953 3141 1084 3213 Fratres
1106 3141 1194 3214 bene
1210 3141 1380 3214 audebant
1400 3146 1449 3212 ire
1471 3167 1532 3236 per
1555 3145 1738 3223 civitatem,
1761 3144 1838 3238 quia
1858 3140 2034 3213 maledicta
2053 3155 2087 3211 et

661 3268 822 3361 vituperia
841 3279 957 3337 contra
973 3290 1007 3335 se
1025 3262 1220 3345 audiebant,
1236 3262 1538 3359 subtraxeruntque
1555 3262 1729 3334 Albienses
1745 3263 1916 3335 Fratribus
1931 3262 2087 3335 Prodicu-

661 3387 789 3458 toribus
807 3413 928 3461 omncs
943 3386 1140 3458 elemosinas
1160 3400 1193 3456 et
1210 3385 1397 3480 sepulturas
1418 3400 1450 3456 et
1466 3385 1531 3459 alia
1546 3384 1710 3457 beneficia
1728 3401 1761 3456 et
1778 3380 1939 3482 obsequia
1957 3389 2086 3480 pietatis

662 3522 694 3577 et
708 3507 853 3579 subsidia
867 3511 1025 3588 caritatis,
1043 3533 1107 3579 nec
1117 3506 1295 3579 veniebant
1309 3506 1353 3579 ad
1368 3507 1543 3579 ecclesiam
1555 3507 1713 3582 Fratrum
1722 3505 1766 3578 ad
1782 3506 1968 3578 videndum
1986 3511 2087 3578 etiam

662 3655 784 3726 corpus
800 3629 935 3701 Christi.

712 3750 765 3822 Ad
785 3751 864 3835 bec,
888 3751 1007 3823 adsue
1025 3750 1201 3827 demencie
1221 3755 1399 3828 cumulum
1414 3754 1617 3848 ampliorem
1635 3767 1668 3823 et
1685 3767 1801 3827 notam
1819 3778 1917 3824 cause
1935 3777 1996 3823 sue
2012 3776 2086 3847 per·

661 3870 739 3943 fidia
762 3899 867 3971 quam
889 3872 1131 3958 defendebant,
1153 3873 1305 3948 lecerunt
1327 3876 1475 3971 sacrilegi
1499 3874 1603 3946 deleri
1631 3876 1803 3972 ymagines
1830 3888 1863 3944 et
1886 3876 2087 3969 scripturam

660 3999 764 4066 sancti
797 3996 966 4067 Dominici
999 3993 1197 4067 confessoris
1229 4010 1262 4067 et
1291 4002 1396 4069 sancti
1431 3997 1520 4068 Petri
1553 4000 1697 4067 martiris
1731 4023 1748 4067 a
1784 3995 1887 4066 latere
1922 3999 2086 4091 ymaginis

659 4117 816 4190 Cruciiixi
832 4117 874 4188 de
888 4118 1009 4213 portali
1018 4122 1157 4190 civitatis
1168 4119 1279 4202 Albia,
1292 4118 1387 4216 quod
1398 4123 1545 4216 estjuxta
1562 4120 1710 4202 Fratres,
1725 4117 1945 4213 feceruntque
1958 4114 2085 4189 ibidem

618 4271 625 4283 ¹
659 4242 735 4311 loco
762 4245 915 4336 ipsorum
936 4256 1130 4312 sanctorum
1156 4240 1293 4337 depingi
1320 4244 1489 4340 ymagines
1515 4256 1548 4312 et
1573 4245 1715 4312 nomina
1740 4239 1941 4336 superscribi
1968 4237 2086 4334 prelati

659 4362 861 4434 vicedomini
891 4377 924 4434 et
950 4362 1203 4459 archidyaconi,
1237 4363 1435 4434 mortalium
1462 4378 1696 4459 peccatorum,
1731 4389 1811 4435 cunr
1846 4360 1981 4432 duobus
2006 4360 2086 4432 hinc

660 4483 738 4555 inde
762 4484 997 4580 peccatoribus
1029 4484 1211 4567 advocatis,
1243 4485 1369 4556 scilicet
1395 4484 1495 4557 Petro
1526 4483 1627 4557 Probi
1657 4483 1700 4555 de
1727 4483 1850 4555 Castris
1880 4497 1913 4553 et
1936 4480 2086 4555 Amaldo
2157 4538 2163 4547 .

660 4603 790 4675 Garssie
814 4603 856 4675 dc
883 4604 995 4687 Albia,
1019 4610 1055 4676 in
1077 4633 1146 4704 quo
1172 4604 1260 4679 facto
1291 4606 1462 4679 evidenter
1486 4621 1689 4680 cunctorum
1714 4608 1954 4700 aspicienoium
1980 4600 2087 4673 oculis

701 4877 706 4905 ¹
728 4873 822 4945 Ipsum,
836 4892 883 4927 ms.
899 4874 932 4928 de
945 4874 1084 4929 Dardanus.
