4928 6382
505 814 549 852 urs

448 909 604 947 umoscmrs

509 1003 543 1041 nu

432 1096 551 1134 urrunnu
565 1070 618 1135 ool.

678 517 766 603 tro
1255 510 1517 599 NOTICES

676 722 846 768 annorum
870 719 992 789 magna
1014 692 1186 764 diversitas
1208 693 1391 772 invenitur,
1417 701 1488 761 tam
1513 693 1549 761 in
1572 688 1728 787 hystoriis
1751 713 1856 787 quam
1876 694 1912 761 in
1935 696 2103 765 cronicis:

677 819 791 916 quod,
817 832 857 888 ut
883 819 1074 911 opinamur,
1105 813 1296 908 plurimum
1322 814 1488 906 contingit
1512 826 1652 909 propter
1678 811 1880 907 exemplaria
1904 816 2041 897 viciata,
2073 828 2107 886 ct

678 945 785 1011 eciam
806 936 980 1009 interdum
1000 938 1079 1032 quia
1101 948 1173 1004 tam
1196 933 1467 1032 hystoriographi
1489 959 1595 1030 quam
1616 932 1841 1030 cronographi
1862 958 1934 1006 non
1958 934 2105 1008 eandem

677 1084 845 1131 annorum
864 1061 986 1129 seriem
1005 1081 1064 1127 seu
1078 1056 1235 1127 ordinem
1251 1071 1330 1126 sunt
1347 1058 1469 1138 secuti,
1489 1052 1550 1126 sed
1568 1057 1621 1126 isti
1636 1056 1820 1151 majorem,
1835 1055 1884 1127 illi
1897 1081 1979 1129 vero
1993 1061 2105 1129 mino

676 1208 751 1253 rem
770 1205 939 1252 annorum
957 1204 1142 1249 numerum
1162 1192 1363 1273 posuerunt,
1383 1189 1418 1247 et
1435 1179 1597 1274 precipue
1616 1190 1745 1248 actores
1762 1180 1936 1249 novissimi
1953 1183 2106 1251 cronico-

676 1328 754 1373 rum
767 1316 908 1398 propter
921 1305 1034 1397 priora
1049 1300 1252 1396 exemplaria
1266 1301 1394 1370 viciata.
1410 1297 1479 1372 Nos
1492 1313 1608 1371 autem
1619 1298 1718 1370 illum
1735 1324 1905 1371 annorum
1919 1324 2103 1372 numerum

675 1428 850 1521 prosequti
868 1450 985 1495 sumus
1001 1448 1107 1519 quern
1127 1422 1411 1518 exemplariorum
1427 1419 1612 1492 multitudo
1629 1424 1665 1492 in
1682 1419 1790 1493 fidem
1808 1425 1916 1493 traxit.

1328 1675 1451 1748 XXIV

676 1863 761 1913 NOTB
779 1863 926 1911 lllsclll'l'li
945 1862 1004 1909 son
1026 1862 1256 1908 u’ttxcttrtamu
1277 1861 1316 1907 DU
1339 1857 1527 1908 sancronlt
1545 1860 1607 1916 Qut
1631 1859 1780 1907 Blllllldlll)
1798 1860 1852 1907 (tut
1871 1861 1921 1907 l'l‘l'
1939 1839 2103 1909 llelCUTEIl

950 1985 1033 2033 POUR
1052 1986 1091 2031 [Β
1109 1984 1255 2033 COUVENT
1273 1983 1331 2030 DES
1349 1982 1560 2030 commentus
1577 1983 1618 2029 DE
1635 1982 1801 2030 'IOULOUSE
1812 1960 1835 2027 ¹.

726 2157 946 2228 Reverendus
973 2161 1006 2227 in
1033 2155 1169 2228 Christo
1195 2168 1292 2250 pater
1320 2180 1359 2225 ac
1385 2154 1546 2226 dominus
1569 2152 1674 2225 frater
1700 2153 1894 2226 Bernardus
1919 2154 2102 2236 cuidonis,

676 2283 851 2374 episcopus
869 2278 1093 2360 Lodovensis,
1114 2279 1173 2375 qui
1191 2275 1255 2347 fuit
1271 2302 1339 2348 nvn
1354 2280 1451 2347 annis
1465 2279 1647 2373 inquisitor
1659 2275 1887 2360 I'holosanus,
1909 2279 2106 2373 compilavit

675 2400 717 2472 de
735 2426 824 2472 novo
840 2401 915 2471 stiIo
933 2399 1030 2471 valde
1047 2399 1197 2472 veridico
1218 2413 1252 2469 et
1271 2397 1396 2470 diserto
1414 2401 1498 2470 vitas
1516 2412 1725 2477 sanctorum,
1742 2398 2002 2495 predictumque
2020 2423 2104 2496 opus

675 2528 709 2593 in
722 2519 866 2594 'duobus
884 2521 1116 2594 voluminibus
1133 2520 1234 2592 scribi
1253 2535 1286 2592 at
1309 2521 1382 2592 fieri
1404 2519 1485 2591 lecit
1503 2544 1567 2618 pro
1585 2533 1757 2591 conventu
1774 2521 1932 2591 Fratrum
1952 2519 2105 2592 Predioa·

673 2660 789 2716 torum
805 2645 1015 2726 Ilrolosano,
1033 2644 1076 2716 ad
1091 2670 1196 2741 quem
1214 2643 1373 2740 singulari
1389 2641 1567 2714 affectione
1583 2641 1803 2724 afficiebatur,
1818 2643 2010 2738 plurimum
2024 2667 2105 2713 con·

674 2764 784 2838 fidens
806 2765 950 2837 fratrum
977 2765 1130 2862 ejusdem
1153 2779 1342 2837 conventus
1370 2768 1491 2836 sanctis
1517 2763 1725 2836 orationibus
1751 2779 1784 2834 et
1810 2763 2105 2835 intercessionibus

675 2886 765 2982 apud
790 2890 1061 2983 omnipotentem
1086 2887 1201 2958 Deum
1226 2885 1389 2982 adjuvari,
1416 2887 1460 2957 Et
1486 2884 1565 2958 ideo
1587 2888 1784 2982 quicunque
1805 2884 1886 2978 legis
1908 2884 2001 2956 hunc
2024 2889 2104 2957 titu-

675 3011 763 3092 lum,
786 3034 844 3080 ora
864 3034 929 3105 pro
952 3013 1025 3106 ejus
1042 3012 1154 3079 anima
1173 3009 1364 3080 Dominum
1386 3007 1529 3079 Jhesum
1550 3006 1740 3091 Christum
1760 3010 1818 3102 qui
1839 3006 1999 3078 dominus
2019 3005 2104 3080 obiit

674 3131 812 3204 Lodove
844 3134 879 3201 in
914 3135 1060 3202 crastino
1096 3134 1200 3201 sancti
1234 3130 1369 3201 Thome
1401 3133 1564 3211 martiris,
1593 3128 1656 3200 sub
1693 3152 1784 3200 anno
1818 3129 1960 3200 Domini
1993 3129 2106 3201 mille·

673 3258 759 3325 simo
784 3264 951 3336 conrard,
971 3253 1103 3348 fuitque
1125 3252 1205 3324 inde
1227 3266 1378 3347 portatus
1399 3252 1620 3324 Lemovicum
1643 3250 1687 3323 ad
1709 3266 1918 3323 conventum
1945 3251 2102 3323 Fratmm

673 3375 947 3458 predicatorum,
965 3374 1023 3445 ubi
1036 3379 1152 3446 vivens
1167 3374 1316 3469 elegerat
1329 3373 1474 3470 sepeliri.

725 3499 763 3568 In
782 3500 847 3569 isto
865 3513 980 3568 autem
996 3496 1187 3578 volumine,
1208 3499 1243 3565 iu
1259 3519 1330 3593 quo
1347 3511 1426 3567 sunt
1440 3496 1561 3566 ultime
1581 3493 1649 3567 due
1667 3509 1778 3591 partes
1794 3492 1952 3592 ejusdcm
1966 3495 2104 3592 Speculi

673 3619 883 3702 sanctoralis,
904 3622 1124 3690 continentur
1144 3651 1151 3689 :
1170 3619 1285 3689 Primo
1302 3621 1371 3691 vite
1391 3632 1587 3707 sanctorum
1601 3620 1780 3688 martirum
1798 3621 1977 3714 utriusque
1994 3640 2103 3689 sexus.

674 3739 822 3837 Require
835 3766 935 3836 supra
952 3744 987 3811 in
1002 3741 1282 3836 principio'libri‚
1301 3739 1384 3811 lolio
1401 3743 1514 3835 primo
1529 3743 1671 3835 signato.

724 3863 810 3933 Item
839 3862 990 3934 secundo
1018 3865 1088 3933 vite
1118 3877 1313 3934 sanctorum
1343 3862 1576 3934 confessorum
1606 3864 1782 3957 utriusque
1810 3885 1919 3932 sexus
1954 3859 2103 3956 Require

673 3989 786 4055 statim
801 3983 856 4056 hio
874 3986 1100 4055 incontinenti
1119 3988 1232 4080 primo
1249 3983 1342 4055 solio.

724 4106 811 4176 Item
835 4109 941 4177 tercio
962 4110 1183 4177 continentur
1203 4109 1271 4177 vite
1293 4105 1488 4201 aliquorum
1510 4117 1706 4174 sanctorum
1728 4117 1864 4198 patrum
1888 4127 1928 4172 ex
1948 4100 2102 4198 hiisque

672 4231 879 4323 scripserunt
901 4228 1098 4299 lemnimus
1122 4243 1154 4299 et
1175 4227 1380 4299 Heraclides.
1404 4227 1552 4323 Require
1574 4223 1660 4297 inira
1682 4224 1765 4296 lolio
1788 4224 1958 4295 intitulato
1976 4249 2014 4295 co
2033 4231 2099 4295 var.

723 4351 810 4420 Item
840 4363 961 4447 quarto
996 4350 1108 4420 brevis
1132 4352 1267 4420 cronica
1291 4350 1538 4444 imperatorum
1562 4347 1810 4418 Romanorum.
1838 4346 1989 4441 Require
2015 4340 2101 4416 infra

672 4468 754 4543 solio
772 4476 901 4567 signato
920 4497 957 4542 cc
968 4472 1089 4543 ΜΝ.
2011 4473 2016 4483 ’

710 4678 717 4707 ¹
739 4675 802 4728 Note
816 4675 920 4728 inserite
932 4674 996 4728 dans
1011 4674 1035 4728 le
1052 4693 1100 4728 ms.
1115 4677 1149 4735 ot
1163 4674 1196 4731 dc
1208 4674 1347 4736 Toulousc,
1461 4677 1471 4709 ⁹
1491 4676 1529 4730 La
1543 4672 1653 4728 seconde
1665 4672 1746 4746 partie
1760 4670 1797 4725 du
1811 4689 1859 4727 mc
1873 4672 1908 4730 Gt
1925 4668 1960 4724 dc
1970 4668 2103 4725 Toulouse

676 4770 708 4820 ι’·
718 4768 812 4841 partie,
825 4767 870 4821 sol.
888 4767 939 4822 ido
951 4772 984 4827 ν’,
994 4787 1025 4821 en
1037 4769 1126 4842 regard
1139 4769 1171 4823 dc
1184 4768 1208 4825 la
1218 4770 1347 4844 premiere
1424 4769 1526 4822 s'ancta
1550 4766 1714 4840 aujourd'lrui
1739 4784 1775 4820 au
1787 4832 1791 4839 .
1802 4763 1848 4820 fot.
1877 4764 1930 4820 aad
1956 4763 2038 4837 (cotti
2053 4778 2101 4838 ptr

670 4880 735 4935 page
749 4860 782 4915 de
793 4859 819 4915 lu
830 4862 939 4916 soconda
950 4862 1039 4935 partie.
1422 4879 1510 4915 erreur
1525 4860 1663 4934 uerrunt).
1676 4858 1746 4918 Tout
1761 4877 1792 4915 os
1808 4859 1854 4933 qui
1865 4856 1958 4914 suirait
1972 4850 2105 4931 mquets
