4928 6382
648 533 733 616 1122
1230 524 1482 615 NOTICES

383 730 608 741 ’-““··
645 712 841 805 separatim;
856 712 890 777 in
906 733 989 804 quo,
1008 721 1169 802 tanquam
1189 710 1223 775 in
1238 707 1392 800 speculo,
1412 707 1559 802 legentes
1573 709 1702 802 possint
1716 708 1881 801 inspicere
1896 708 2070 804 limpidius

475 829 518 865 biis

417 924 572 961 mauriscum

478 1017 511 1054 DE

645 845 839 901 sanctorum
857 826 955 899 iacies
972 828 1193 924 singulomm.
1212 827 1316 916 Quod
1334 827 1412 899 ideo
1431 829 1634 900 Sanctorum
1652 854 1709 898 seu
1732 828 1927 899 Sanctorale
1944 829 2070 925 Specu-

645 952 718 1022 lum
736 977 807 1022 non
824 955 1006 1047 incongrue
1023 955 1146 1046 poterit
1163 954 1197 1020 in
1216 951 1313 1021 titulo
1328 955 1509 1046 prenotari.

402 1110 517 1147 accurro
532 1110 587 1148 cur.
696 1075 735 1145 In
750 1077 860 1168 prima
879 1077 990 1169 itaque
1008 1088 1102 1168 purte
1119 1077 1282 1167 presentis
1297 1072 1433 1167 Speculi
1452 1072 1644 1143 sanctoralis
1659 1074 1767 1167 agitur
1786 1071 1828 1143 de
1843 1072 1907 1144 biis
1922 1098 1989 1170 que
2006 1078 2071 1170 pe‘r

645 1195 801 1265 ordinem
821 1208 1049 1265 consecuntur
1063 1197 1085 1264 ¹.
1108 1193 1220 1264 Primo
1242 1194 1285 1264 de
1307 1194 1538 1266 festivitatibus
1560 1192 1809 1289 spectantibus²
1826 1194 1869 1264 ad
1887 1193 2068 1266 dominum
2168 1258 2177 1271 .

643 1317 663 1388 J
666 1316 783 1403 besum
797 1316 984 1397 Christum,
1002 1320 1061 1413 qui
1077 1330 1125 1386 est
1137 1329 1237 1411 caput
1251 1320 1359 1387 tocius
1374 1316 1510 1388 ecclesie
1526 1331 1558 1387 et
1570 1342 1667 1399 causa
1681 1320 1837 1386 omnium
1851 1315 2068 1389 festivitatum

645 1437 776 1509 dierum
800 1452 833 1507 et
856 1453 1067 1533 temporum,
1086 1463 1176 1534 ,quas
1197 1452 1310 1508 sancta
1338 1438 1475 1508 ecclesie
1498 1452 1569 1507 tam
1591 1438 1838 1510 racionabiliter
1856 1464 1959 1535 quom
1981 1440 2068 1508 salu·
2141 1474 2146 1489 ¹

643 1560 749 1630 briter
769 1563 911 1630 instituit
927 1574 959 1630 et
977 1560 1123 1631 celebrat
1141 1584 1202 1655 per
1218 1563 1296 1630 anni
1317 1560 1499 1639 circulum,
1518 1558 1561 1628 ab
1578 1559 1723 1629 adventu
1744 1560 1881 1631 Domini
1901 1563 1936 1629 in
1955 1560 2068 1633 officio

643 1682 864 1752 ecclesiastico
885 1680 1088 1753 incohand0.
1112 1723 1162 1734 -
1183 1680 1340 1752 Secundo
1360 1680 1402 1750 de
1426 1680 1656 1752 festivitatibus
1669 1682 1915 1776 pertinentibus
1933 1681 1976 1753 ad
1997 1687 2069 1779 ejus

641 1806 896 1873 sacratissimam
919 1807 1136 1897 genitricem,
1159 1829 1199 1872 ex
1215 1828 1282 1898 qua
1299 1816 1397 1872 natus
1415 1816 1464 1873 est
1485 1805 1553 1896 ipse
1574 1802 1667 1872 Deus
1691 1816 1724 1873 et
1742 1802 1860 1874 homo.
1879 1844 1930 1857 -
1947 1804 2068 1875 Tercio

641 1923 684 1993 de
709 1923 842 1995 duobus
864 1924 953 1994 lestis
977 1924 1221 2019 pertinentibus
1244 1923 1287 1993 ad
1317 1924 1526 1994 dominicam
1551 1949 1709 2005 crucem,
1736 1927 1771 1993 in
1794 1951 1860 2020 qua
1882 1950 1997 2020 passus
2020 1940 2069 1995 cst

641 2045 793 2117 Christus
811 2071 874 2140 pro
893 2047 997 2115 salute
1011 2050 1142 2141 generis
1158 2044 1312 2115 humani.
1339 2086 1386 2097 -
1410 2043 1541 2132 Quarto
1560 2043 1602 2115 de
1621 2045 1747 2139 angelis
1759 2049 1782 2115 ³.
1808 2087 1860 2099 —
1879 2045 2009 2134 Quinto
2025 2046 2068 2116 de

640 2164 722 2235 sesto
739 2169 894 2235 omnium
914 2180 1120 2236 sanctorum.
1139 2208 1189 2219 ·-
1207 2166 1307 2236 Sexto
1322 2164 1366 2235 de
1383 2168 1712 2236 commemoratione
1734 2170 1891 2237 omnium
1916 2166 2067 2238 fidelium

642 2284 892 2357 detunctorum.
910 2328 960 2343 -
977 2287 1101 2358 Ultimo
1119 2286 1162 2357 de
1178 2285 1261 2358 sesto
1276 2285 1497 2358 dedicationis
1512 2286 1662 2357 ecclesie.
1693 2287 1793 2357 -Et
1810 2287 1872 2357 bec
1891 2303 1939 2359 est
1956 2293 2067 2359 conti-

642 2410 761 2476 nencia
778 2410 889 2501 prime
903 2411 1016 2502 partis.

693 2528 733 2599 In
751 2528 897 2599 secunda
918 2554 1000 2600 vero
1018 2543 1112 2624 parte
1131 2529 1268 2625 Speculi
1286 2530 1480 2599 sanctoralis
1498 2526 1739 2600 describuntur
1755 2555 1793 2600 ea
1810 2555 1878 2625 que
1895 2555 1957 2624 per
1977 2530 2067 2602 ordi-

642 2676 722 2721 nem
740 2665 969 2721 consecuntur
977 2652 1002 2721 1.
1021 2650 1136 2721 Primo
1152 2653 1359 2745 precursoris
1378 2650 1518 2720 Domini
1530 2653 1636 2720 sancti
1647 2650 1813 2720 lobannis
1830 2650 1976 2721 babtiste
1993 2676 2069 2747 pre-

642 2775 821 2843 nunciatus
843 2786 1028 2867 conceptus
1046 2797 1108 2867 per
1125 2772 1304 2867 angelum,
1325 2786 1358 2842 et
1378 2774 1450 2867 ejus
1467 2776 1621 2843 nativitas
1640 2771 1814 2868 gaudiosa,
1833 2786 1867 2841 et
1886 2776 2069 2845 sanctitatis

642 2900 714 2990 ejus
729 2896 878 2988 precium
895 2898 1054 2989 preconia
1070 2909 1104 2965 et
1118 2897 1329 2990 prerogative
1349 2894 1489 2964 honoris
1508 2898 1580 2990 ejus
1591 2898 1614 2965 ⁵.
1635 2936 1679 2948 —
1705 2893 1863 2965 Secundo
1881 2893 2068 2964 decollacio

642 3016 795 3112 ejusdem
810 3032 843 3086 et
856 3020 1045 3087 martirium
1059 3017 1123 3087 sub
1142 3016 1277 3087 Herode
1291 3016 1413 3111 Antipa
1424 3017 1448 3095 ⁶,
1464 3019 1568 3111 impia
1583 3015 1777 3087 Herodiade
1791 3031 2001 3111 suggerente.
2017 3054 2067 3070 -—·

641 3136 762 3208 Tercio
778 3163 860 3209 vero
886 3137 1126 3209 describuntur
1143 3152 1338 3208 sanctorum
1361 3130 1594 3232 apostolorum
1618 3153 1711 3208 actus
1731 3153 1764 3208 et
1787 3154 1877 3234 gesta
1899 3155 1932 3208 et
1953 3138 2067 3208 inclite

639 3259 795 3353 trophea,
816 3259 985 3331 sumendo
1007 3259 1184 3331 exordium
1205 3260 1247 3330 ab
1269 3260 1502 3355 apostolorum
1522 3263 1675 3355 principe
1693 3260 1794 3331 Petro
1816 3274 1849 3329 et
1873 3260 2069 3353 coapostolo

641 3383 713 3475 ejus
737 3381 858 3463 Paulo,
882 3381 1122 3478 prosequendo
1144 3381 1192 3453 de
1208 3382 1281 3452 aliis
1302 3406 1363 3476 per
1389 3385 1469 3451 anni
1497 3382 1680 3464 circulum,
1707 3380 1771 3453 sub
1798 3381 1921 3452 eodem
1949 3380 2067 3451 ordine

640 3525 711 3595 quo
735 3526 856 3571 eorum
881 3503 1034 3573 natalicia
1060 3504 1095 3571 in
1122 3503 1261 3573 ecclesia
1285 3501 1511 3585 celebrantur,
1542 3501 1762 3598 adjungendo
1788 3500 1830 3572 de
1860 3501 2069 3596 evangelistis

641 3621 791 3703 duobus,
815 3623 931 3694 Luchu
952 3623 1110 3694 videlicet
1133 3639 1167 3694 et
1188 3623 1339 3695 Marcho.
1364 3666 1411 3677 —
1437 3624 1476 3693 In
1498 3623 1568 3696 liue
1589 3649 1671 3695 vero
1695 3628 1796 3719 partis
1815 3622 1968 3718 ejusdem
1990 3648 2068 3692 con·

640 3742 837 3817 scribuntur
863 3745 1006 3840 legende
1030 3746 1227 3842 aliquorum
1256 3745 1299 3816 de
1326 3749 1536 3840 septuaginta
1565 3744 1699 3817 duobus
1727 3745 1898 3840 discipulis
1927 3744 2067 3815 Domini

639 3864 744 3935 ¹ihesu
762 3864 886 3936 Christi
906 3856 1075 3937 illorum⁷
1100 3892 1251 3964 quorum
1275 3881 1365 3960 gesta
1385 3870 1534 3962 reperire
1554 3871 1650 3962 potui
1676 3882 1709 3937 et
1730 3867 1873 3949 babere,
1895 3871 1973 3963 quia
1997 3892 2066 3937 non

641 3989 798 4057 omnium
816 3988 859 4058 ad
876 4012 1020 4058 menum
1038 3987 1164 4059 babere
1178 3992 1291 4083 potui,
1311 3989 1371 4059 sed
1395 4014 1598 4083 paucorum,
1620 4015 1685 4059 nec
1707 3992 1816 4059 eciam
1839 3993 1978 4060 nomina
2001 3993 2068 4059 sin-

678 4213 685 4245 ¹
705 4211 754 4262 Les
769 4220 836 4263 mots
850 4210 882 4264 de
894 4209 941 4265 tiis
952 4230 998 4285 que
1010 4231 1055 4285 per
1068 4208 1174 4265 ordinem
1186 4230 1315 4266 consecun-
1390 4220 1535 4284 munqucnt
1550 4211 1615 4265 dans
1637 4211 1661 4264 lo
1687 4214 1719 4264 ι’·
1739 4211 1821 4285 pertis
1845 4212 1881 4266 du
1906 4231 1954 4266 ms.
1977 4213 2011 4271 61
2035 4211 2068 4265 dr

641 4312 681 4353 tur
699 4312 757 4355 sont
775 4303 841 4356 omis
861 4303 925 4357 dans
947 4305 972 4359 Ιι
996 4308 1029 4359 1¹⁸
1052 4306 1134 4380 partie
1153 4305 1189 4359 du
1209 4323 1258 4357 ms.
1278 4306 1311 4362 61
1389 4304 1530 4358 Toulouse.

639 4393 672 4457 de
685 4394 825 4453 Toulooac.
1427 4396 1614 4473 ‘Premputioe
1637 4397 1819 4473 prioilcpiorum
1839 4397 1910 4473 cJ'us,
1934 4402 1966 4452 1¹¹
1987 4398 2067 4472 partic

674 4492 684 4522 ²
704 4490 893 4551 Permittitur,
907 4491 1008 4566 dunois
1026 4495 1059 4545 ι’·
1072 4494 1152 4567 partie
1166 4493 1202 4547 du
1215 4512 1263 4545 ms.
1278 4493 1312 4552 61
1390 4492 1425 4545 du
1438 4511 1487 4547 ms.
1503 4492 1539 4550 61
1553 4491 1585 4545 de
1597 4489 1734 4545 Toulouse,
2006 4508 2013 4515 ·

636 4581 671 4636 de
685 4583 825 4643 Tonlouse.
1427 4583 1593 4659 ‘Antipcpm
1616 4586 1648 4655 2¹⁸
1665 4584 1746 4657 partie
1763 4583 1798 4637 du
1819 4603 1867 4638 ms.
1888 4586 1922 4644 61
1944 4583 1976 4638 de
1996 4582 2066 4637 Tou·

676 4677 686 4710 ³
707 4677 742 4729 Dc
749 4678 817 4752 jecto
832 4677 987 4754 nuptorum,
1009 4682 1138 4754 1¹'partie
1157 4680 1193 4733 du
1211 4698 1259 4734 ms.
1278 4680 1312 4739 61
1390 4678 1472 4732 louse.

638 4768 821 4824 dc'i'oulouse.
1427 4774 1437 4805 ⁷
1458 4769 1557 4825 iliorum
1581 4790 1695 4847 manque
1720 4772 1786 4826 daus
1813 4770 1838 4826 lo
1869 4774 1901 4824 ¹³
1925 4771 2006 4846 partie
2029 4770 2066 4824 du

676 4860 686 4893 t
706 4862 755 4914 Les
773 4872 839 4915 mots
860 4883 889 4916 eu
907 4882 953 4936 que
969 4883 1015 4938 per
1032 4862 1139 4919 ordinem
1156 4877 1316 4920 coruscantur
1390 4883 1438 4918 ms.
1456 4865 1490 4922 66
1506 4863 1539 4918 de
1552 4864 1691 4920 Toulousc.
