4928 6382
413 731 639 748 *σι-ιιι

506 830 550 867 1483

450 924 606 961 uastissima

509 1019 542 1055 DE

434 1111 550 1149 stantun
564 1113 617 1150 om.

1261 532 1517 619 NOTICES

1266 858 1268 862 ,
1345 783 1431 854 XIV

830 969 911 1014 naua
926 967 1063 1014 narrans
1082 966 1121 1012 oa
1138 965 1214 1012 rata
1231 967 1311 1022 xxn,
1329 964 1503 1012 anearrvas
1520 945 1539 1012 l
1558 966 1618 1012 aaa
1635 966 1764 1016 mssroa
1785 967 1822 1015 aa
1839 969 1945 1014 rraura

1108 1087 1191 1142 ουἰι
1209 1064 1392 1133 conaturi
1409 1087 1557 1133 aaaaaau
1573 1065 1660 1132 eu11.

1272 1217 1314 1289 (aa
1327 1236 1397 1273 mars
1411 1219 1503 1290 1317.)

861 1387 1044 1458 Indicantar
1057 1400 1161 1484 treuge
1174 1391 1256 1458 inter
1268 1412 1371 1484 regem
1385 1385 1550 1457 Robertum
1564 1399 1594 1457 et
1609 1387 1751 1458 comitem
1763 1386 1917 1458 Sabaudie

1242 1521 1273 1578 et
1286 1505 1433 1603 quosdam
1446 1506 1532 1577 alios.

726 1676 778 1746 Ad
795 1674 943 1745 futuram
963 1677 1010 1743 rei
1032 1678 1244 1744 memoriam.
1263 1675 1307 1744 Et
1323 1677 1350 1743 si
1372 1674 1415 1744 ad
1434 1677 1527 1769 pacis
1548 1673 1823 1770 tranquillitatem
1844 1676 2097 1772 propagandam

676 1803 710 1868 in
729 1822 847 1867 omnes
865 1811 898 1866 et
915 1799 949 1865 in
971 1795 1119 1890 singulos
1137 1820 1200 1891 pro
1217 1796 1342 1866 vitibus
1364 1772 1615 1890 procurandam
1637 1808 1748 1865 nostra
1769 1799 1912 1891 suspiret
1931 1801 2094 1879 intentio,

674 1930 830 2012 potentes
850 1930 963 1986 tamen
982 1928 1014 1984 et
1033 1929 1202 2010 magnates
1222 1940 1262 1985 co
1280 1918 1443 1985 intensius
1460 1940 1527 1986 esse
1546 1914 1739 1985 concordes·
1755 1930 1788 1985 ct
1808 1920 1984 1986 unanimes
2004 1923 2096 2012 cupi·

675 2065 752 2109 mus
770 2063 839 2132 quo
857 2036 1132 2133 periculosiorem
1155 2061 1274 2107 comm
1291 2020 1362 2106 fore
1383 2035 1607 2133 discordiam,
1621 2036 1774 2132 pluribus
1791 2052 1948 2108 onustam
1966 2038 2097 2133 dispan-

675 2159 752 2240 diis,
769 2184 808 2229 ac
822 2159 938 2252 plures
949 2158 1120 2229 involvere
1136 2157 1526 2252 contemplamur..Hino
1540 2156 1698 2253 equidem
1715 2160 2097 2230 occurrensoonsidera·

675 2283 781 2349 cionis
797 2294 911 2348 nostre
933 2282 1146 2373 conspectui,
1168 2278 1253 2348 illud
1272 2304 1371 2374 grave
1392 2278 1568 2349 dissidium
1591 2279 1684 2375 quod
1707 2282 1800 2373 pacis
1819 2279 1939 2361 hostis,
1965 2280 2096 2351 invidus

675 2403 836 2480 caritatis,
866 2403 954 2502 inter
976 2403 1185 2470 carissimum
1215 2404 1250 2469 in
1275 2399 1409 2471 Christo
1436 2399 1546 2471 lilium
1572 2413 1727 2469 nostrum
1753 2400 1959 2480 Robertum,
1985 2400 2095 2472 Sicilie

674 2545 787 2614 regem
807 2521 986 2602 illustrem,
1007 2536 1040 2591 et
1056 2535 1190 2615 gentem
1206 2547 1301 2592 suam
1319 2525 1354 2590 in
1373 2521 1523 2615 partibus
1541 2519 1773 2603 pedemontis,
1795 2547 1834 2591 ex
1852 2537 2045 2618 unaparte,
2065 2536 2096 2591 et

673 2642 813 2711 dilectos
831 2640 918 2711 hlios
936 2642 1065 2712 nobiles
1084 2646 1173 2714 viros
1192 2641 1402 2725 Amedeum,
1423 2646 1586 2712 comitem
1605 2641 1791 2723 Sahaudie‚
1812 2655 1844 2712 et
1861 2642 2094 2719 Manfredum

674 2763 907 2832 marchionem
929 2763 1155 2844 Saluoiarum‚
1176 2763 1373 2858 Philippum
1396 2762 1439 2833 de
1460 2762 1630 2834 Sabaudia
1653 2778 1686 2832 et
1709 2762 1882 2833 Matheum
1900 2763 1943 2833 de
1960 2764 2097 2835 Vieeoc

661 2870 811 2959 ¹mitibus
826 2882 869 2952 de
884 2882 1092 2963 Mediolano,
1112 2884 1251 2964 milites,
1270 2896 1385 2977 gentes
1401 2898 1434 2953 et
1448 2883 1603 2954 valitorea
1619 2908 1754 2962 eorum,
1772 2908 1810 2952 ex
1826 2884 1943 2963 altera,
1963 2887 2096 2953 suscita-

673 3008 719 3074 vit
735 3004 777 3073 ah
799 3005 898 3086 olim,
918 3008 1106 3075 animarum
1125 3005 1293 3099 pericula,
1315 3020 1443 3101 strages
1461 3030 1661 3099 corporum,
1684 3004 1832 3099 dampna
1855 3030 1984 3083 rerum,
2008 3029 2092 3099 que,

674 3124 760 3220 proh
777 3124 886 3205 dolor,
903 3125 1062 3195 hactenus
1080 3124 1198 3196 exinde
1213 3130 1400 3220 pervenisse
1415 3140 1612 3206 noscuntur,
1628 3139 1661 3195 et
1673 3151 1758 3221 que,
1778 3128 1841 3195 nisi
1858 3126 2008 3195 celeriter
2023 3150 2095 3221 sue·

673 3260 837 3325 curratur,
857 3248 1079 3317 verisimiliter
1093 3246 1322 3317 formidantur
1331 3250 1366 3315 in
1375 3260 1473 3316 antea
1489 3260 1708 3340 proventura,
1722 3250 1843 3316 nostris
1861 3246 2033 3316 obtutibus
2047 3250 2096 3315 iu·

673 3370 771 3459 gerit,
794 3371 898 3436 nostri
917 3366 1028 3437 cordis
1045 3370 1164 3436 intima
1181 3367 1331 3436 stimulat
1349 3381 1381 3436 et
1399 3367 1442 3437 ad
1462 3366 1715 3461 providendum
1730 3370 1830 3436 tantis
1847 3365 2095 3436 discriminibus

672 3513 733 3581 per
754 3502 922 3583 oportuna
945 3486 1095 3557 remedia
1120 3502 1275 3557 nostrum
1302 3487 1453 3556 ollicinm
1481 3487 1679 3583 interpellat.
1705 3485 1795 3574 Quia
1821 3489 1922 3582 igitur
1948 3486 1990 3556 ad
2017 3511 2092 3565 nos,

672 3611 746 3703 qui,
769 3607 846 3676 licet
868 3610 1154 3688 immeriti,'vices
1182 3610 1266 3702 regis
1294 3606 1425 3701 pacifici
1448 3610 1595 3704 gerimus
1624 3634 1662 3677 ac
1689 3605 1897 3701 plenitudine
1921 3606 2094 3702 fungimur

672 3731 842 3823 potestatis
859 3728 1090 3823 apostolorum
1108 3732 1253 3824 principi
1271 3733 1406 3825 suisque
1425 3728 1670 3800 successoribus
1694 3755 1731 3798 ex
1750 3728 1816 3799 alto
1839 3754 2010 3808 concesse,
2029 3732 2092 3798 sin·

670 3849 827 3945 gulariter
853 3853 997 3944 pertinet
1024 3853 1067 3918 in.
1086 3850 1261 3919 universali
1291 3850 1429 3920 ecclesia
1461 3864 1623 3921 cunctare
1650 3852 1912 3944 congregacione
1942 3848 2093 3919 fidelium

670 3995 790 4064 pacem
813 3996 973 4066 querere,
997 3997 1037 4040 ac
1060 3975 1168 4066 ipsam
1189 3971 1297 4041 lacere
1319 3971 1509 4066 diligentius
1532 3972 1720 4051 observari,
1744 3986 1783 4040 ut
1804 3970 1985 4065 apostolice
2007 3969 2093 4040 sedis
2194 4026 2196 4031 ⁴

671 4095 817 4173 nunciis,
837 4116 923 4187 quos
941 4092 988 4162 ad·
1002 4106 1111 4187 partes
1130 4096 1231 4188 ipsas',
1252 4118 1314 4187 pro
1333 4091 1505 4163 tractanda
1522 4106 1555 4162 et
1572 4091 1788 4161 reformanda
1806 4090 1988 4161 concordia
2007 4094 2094 4160 inter

670 4239 827 4308 personas
848 4213 1029 4308 predictas,
1051 4213 1261 4310 providimus
1284 4212 1514 4293 destinandos,
1539 4213 1582 4284 ad
1602 4213 1652 4295 id,
1671 4217 1767 4309 juxta
1789 4227 1946 4283 nostrum
1965 4211 2094 4282 deside-

670 4338 773 4416 rium,
794 4340 845 4406 via
868 4360 909 4406 eo
928 4339 1075 4431 paratior
1097 4360 1205 4431 eoque
1228 4332 1442 4432 faciliorque
1460 4361 1603 4430 persone
1622 4338 1691 4431 ipse
1708 4360 1747 4404 ac
1769 4333 1998 4429 predictarum
2018 4358 2093 4428 par·

667 4459 754 4525 tium
775 4456 885 4525 incole
905 4460 1031 4527 minori
1053 4453 1270 4525 dissidiorum
1291 4455 1425 4526 turbine
1445 4459 1653 4559 quacientun
1671 4458 1759 4524 inter
1776 4453 1944 4548 prefatum
1962 4476 2091 4546 regem,

667 4590 802 4669 gentem
818 4589 851 4645 et
862 4577 1014 4648 valitores
1030 4580 1147 4672 ipsius,
1167 4602 1205 4645 ex
1215 4602 1283 4647 una
1294 4591 1404 4671 parte,
1423 4591 1455 4647 et
1467 4576 1636 4671 predictos
1649 4578 1825 4654 comitem,
1842 4574 2090 4651 marchionem,

709 4844 716 4877 ¹
737 4841 816 4914 Copie
831 4841 867 4895 du
880 4846 933 4901 arv·
943 4842 1035 4907 siiclm
1050 4862 1098 4898 ms.
1112 4843 1175 4901 latin
1188 4849 1220 4909 41
1230 4849 1276 4909 ld,
1289 4842 1332 4898 fol.
1345 4862 1388 4917 7²·
