4928 6382
820 527 929 615 DES
961 526 1360 616 MANUSCRITS.
1712 526 1797 613 391

243 796 250 809 ·
375 711 585 798 cumsicinis,
604 711 640 780 in
658 705 901 804 unbrrnquod
918 710 1133 805 inquisitores
1150 731 1224 780 non
1242 720 1428 803 potuerunt
1447 704 1572 777 lihere¹
1589 711 1709 803 sreqssi
1728 706 1802 778 offi·
1845 726 2068 772 ‘’ff-*⁸⁸*-

375 835 468 904 cium
491 833 717 928 inquisitionis
744 842 862 903 conus
884 828 1054 901 hereticos
1077 832 1113 900 in
1138 829 1202 901 illis
1226 829 1379 924 pertibus
1407 828 1450 900 de
1472 828 1587 901 multis
1616 831 1724 901 annis
1748 827 1804 902 Ob
1936 828 1980 865 ¹³³

374 979 478 1051 quem
497 978 633 1027 cerum
647 966 882 1025 convenerunt
902 950 1001 1022 multi
1016 950 1153 1022 heretici
1171 949 1309 1045 perfecti
1326 950 1370 1022 de
1384 944 1758 1046 partibns'homherdie
1772 966 1806 1021 et
1880 921 2033 1053 stuppam

375 1074 493 1151 Cicilie
508 1074 552 1147 ed
568 1073 733 1170 predictus
751 1085 877 1168 portes,
896 1070 1133 1143 asininarum
1149 1072 1291 1154 multos,
1311 1074 1396 1142 sicut
1413 1086 1527 1167 postea
1543 1096 1604 1166 per
1618 1075 1804 1168 inquisitio·
1863 1108 1981 1148 sensnm
1996 1106 2048 1147 ror

375 1198 455 1277 neh)
478 1196 662 1293 legitimam
684 1194 726 1266 ub
748 1193 1003 1291 inquisitoribus
1017 1195 1193 1265 insentmn
1213 1207 1262 1263 est
1282 1207 1316 1263 et
1336 1207 1566 1289 compertum
1591 1207 1624 1262 et
1647 1193 1805 1264 nonnulli

375 1319 514 1393 heretici
532 1318 730 1414 deprehensi
747 1332 827 1389 sunt
844 1331 879 1388 et
894 1319 999 1413 cepti,
1022 1315 1171 1388 etmulti
1188 1315 1366 1387 credentes
1382 1329 1414 1385 et
1432 1329 1655 1412 receptatores
1670 1341 1805 1397 eorum,

375 1466 436 1541 per
450 1465 536 1537 quos
553 1443 712 1537 iniquitas
725 1452 761 1510 et
775 1437 955 1511 infidelitas
971 1464 1011 1510 uc
1028 1436 1149 1511 inditus
1169 1438 1293 1509 heresis
1310 1436 1476 1533 perelecta
1495 1452 1543 1508 est
1563 1454 1595 1508 et
1609 1437 1755 1519 detecta,
1775 1455 1808 1510 et

272 1646 276 1653 ι
304 1610 311 1621 ·
376 1579 499 1636 notum
512 1562 642 1635 foetum
656 1576 710 1662 est
720 1586 781 1657 per
790 1552 961 1658 judiciuin
980 1561 1118 1632 ecclesie
1135 1560 1315 1632 evidenter.
1336 1561 1420 1630 item
1439 1584 1575 1656 gravem
1593 1574 1626 1630 et
1645 1560 1810 1655 grandem

377 1684 552 1758 infamium
569 1683 652 1757 luiso
670 1687 894 1779 inposuerunt
907 1683 1163 1780 inquisitoribus
1174 1697 1207 1754 et
1222 1708 1342 1754 eorum
1357 1680 1558 1753 officialibus
1576 1695 1609 1752 et
1627 1685 1805 1764 ministris,
1918 1705 1924 1715 ·

377 1822 413 1878 st
426 1818 618 1879 everterunt
629 1804 799 1901 populum
813 1830 833 1874 a
848 1804 1028 1876 devotione
1039 1819 1073 1876 et
1083 1808 1269 1878 reuerentia
1280 1807 1522 1902 inquisitorum
1538 1810 1571 1874 et
1583 1803 1686 1875 officii
1699 1808 1809 1899 inqui-

376 1929 525 2007 sicionis,
545 1939 578 1997 et
594 1924 701 1997 multe
713 1923 864 2020 dompne
874 1925 1054 1998 illatasunt
1069 1939 1102 1997 et
1116 1928 1239 2022 injurie
1254 1929 1415 2022 irrogare,
1429 1928 1490 1996 istu
1506 1924 1549 1997 de
1564 1950 1678 2005 causa,
1690 1927 1809 1995 amicis

377 2062 409 2119 et
423 2045 643 2120 famfianbts
659 2045 764 2118 officii
781 2049 1021 2143 inquisitionis.

428 2168 556 2240 Poterit
571 2170 673 2239 etism
694 2167 846 2265 recolligi
862 2181 896 2238 et
911 2170 1091 2264 perstringi
1109 2169 1152 2240 de
1169 2169 1268 2239 melis
1289 2182 1323 2239 et
1339 2168 1497 2264 dampnis
1513 2169 1612 2241 illatis
1629 2183 1662 2240 et
1675 2171 1808 2264 injuriis

378 2293 530 2389 irrogetis
544 2315 606 2386 per
623 2314 680 2360 eos
693 2303 725 2360 et
740 2289 923 2385 complices
936 2289 1138 2361 eorumdem
1154 2289 1342 2362 reverendo
1361 2294 1447 2386 petri
1463 2289 1605 2361 domino
1619 2291 1654 2361 B.
1670 2289 1713 2361 de
1731 2290 1810 2362 Ces-

377 2428 506 2494 teneto,
532 2426 616 2483 tunc
639 2414 798 2507 episeopo
822 2409 989 2494 Alsiensi,
1017 2415 1053 2483 iu
1079 2438 1224 2508 persona
1250 2411 1420 2509 ejusdem,
1446 2425 1550 2509 qu'ern
1579 2413 1811 2508 multipliciter

378 2531 596 2605 diffamarunt
615 2546 648 2604 et
664 2531 983 2613 dehonestaverint,
1008 2547 1043 2604 et
1062 2537 1098 2603 in
1120 2532 1221 2605 rebus
1241 2533 1408 2632 ejusdem,
1430 2560 1512 2631 ques
1529 2534 1758 2629 diripuemnt‚
1777 2549 1811 2603 et

379 2659 413 2726 in
432 2652 630 2729 officialibus
647 2658 729 2737 suis,
750 2680 901 2751 quorum
922 2654 1052 2752 sliquos
1073 2659 1241 2751 persecuti
1264 2669 1343 2727 sunt
1368 2670 1402 2726 et
1421 2655 1550 2752 sliquos
1570 2669 1732 2751 ceperunt
1751 2680 1810 2724 seu

379 2780 453 2872 cepi
477 2791 758 2872 procuraverunt,
787 2776 872 2848 slim
896 2803 977 2850 vero
1004 2777 1111 2849 verbis
1134 2792 1168 2849 et
1193 2777 1389 2851 verberibus
1412 2776 1610 2859 affecerunt,
1639 2803 1678 2848 ac
1703 2781 1811 2847 eciem

379 2902 415 2968 in
425 2897 560 2995 juribus
572 2923 633 2970 sue
651 2899 788 2971 ecclesie
804 2897 986 2981 Albisnsis,
1007 2925 1087 2970 nam
1109 2898 1242 2971 decime
1260 2897 1399 2971 luerunt
1414 2900 1582 2971 subtraere
1599 2913 1631 2970 ct
1646 2912 1811 2994 occupate

379 3019 513 3119 alsycis
531 3022 566 3089 in
586 3019 723 3092 diversis
739 3019 823 3091 locis
843 3035 876 3091 et
897 3020 1082 3116 parrochiis
1106 3012 1257 3117 dyocesis
1281 3020 1462 3103 sithiensis,
1488 3035 1522 3091 et
1540 3021 1664 3094 domus
1682 3024 1810 3116 epieco-

379 3141 464 3237 palis
478 3156 639 3237 occupate
656 3155 690 3212 et
707 3145 894 3236 vituperata
910 3139 990 3222 fuit,
1012 3155 1047 3212 et
1064 3144 1209 3213 ministri
1233 3157 1267 3214 et
1288 3142 1449 3214 officiales
1469 3147 1520 3213 sui
1538 3142 1677 3213 fuerunt
1695 3143 1810 3213 multis

380 3265 509 3358 injuriis
525 3262 685 3343 lacesciti,
705 3275 737 3332 et
755 3260 847 3334 bone
863 3264 1062 3359 temporalia
1085 3267 1297 3361 episcopatus
1317 3262 1456 3335 fuerunt
1474 3272 1637 3361 occupate
1655 3292 1674 3334 a
1691 3264 1809 3361 laycis,

380 3407 478 3455 eausa
496 3396 529 3453 et
543 3386 720 3455 occasione
737 3383 839 3455 officii
858 3388 1093 3481 inquisicionis
1110 3399 1142 3455 ct
1157 3384 1480 3481 condempnecicnis
1499 3411 1721 3482 personarum
1739 3385 1810 3455 cul·

380 3504 544 3599 pubiiium
558 3503 601 3577 de
619 3509 760 3579 crimine
777 3505 912 3578 heresis.

1081 3751 1113 3822 X

740 3935 907 3982 enosooos
927 3935 985 3983 nes
1004 3935 1120 3981 rences
1138 3934 1196 3981 oss
1215 3913 1456 3993 cunonlouns².
1559 4002 1563 4009 ι

978 4066 1109 4138 (roman
1125 4066 1216 4137 1311.)

433 4233 555 4331 lneipit
569 4236 730 4332 prologus
745 4238 782 4308 in
796 4237 925 4309 librum
940 4242 999 4335 qui
1019 4238 1211 4310 intitulatur
1225 4238 1342 4310 Flores
1359 4240 1594 4318 cronicorum,
1610 4263 1669 4307 seu
1685 4236 1807 4307 Cathe-

382 4356 479 4453 logus
491 4354 694 4452 pontificum
713 4333 962 4431 Romanorum.

420 4592 427 4623 ¹
446 4586 532 4643 Libere
541 4607 654 4664 manue
666 4588 730 4646 dens
745 4590 829 4645 luins.
847 4594 907 4664 196.
1135 4589 1181 4645 iol.
1199 4589 1437 4664 ²3-l9780s01·
1458 4611 1466 4643 ι
1484 4593 1520 4653 v⁰3
1537 4620 1574 4631 -
1587 4593 1674 4661 6980,
1689 4609 1714 4662 p.
1732 4610 1759 4652 ις
1775 4620 1813 4629 -

418 4682 495 4738 ’Mn
514 4682 578 4740 lstin
598 4703 663 4756 ¹¹7²
679 4684 725 4739 des
738 4703 815 4740 nous.
830 4703 896 4759 seq..
914 4684 960 4739 rot
982 4705 1003 4740 r.
1021 4716 1059 4724 —
1135 4686 1218 4757 698ι,
1232 4702 1258 4756 p.
1277 4706 1353 4748 ¹3-
1366 4685 1453 4753 tudr.
1467 4682 1512 4738 iol.
1530 4704 1608 4748 ις-
1621 4682 1708 4756 6983,
1721 4682 1812 4747 tum

381 4776 443 4831 Mn.
456 4775 533 4831 istius
546 4780 633 4851 4971l.
647 4777 692 4834 sol.
710 4778 756 4845 133
768 4809 800 4821 -
811 4781 896 4852 6975,
913 4778 958 4835 iol.
978 4801 1006 4843 ις
1022 4808 1060 4821 -
1134 4810 1172 4819 -
1191 4779 1277 4850 6986,
1296 4776 1340 4832 sol.
1363 4798 1390 4843 ις
1407 4809 1445 4818 -
1460 4781 1547 4851 6985,
1563 4778 1607 4832 lol.
1629 4800 1656 4842 ις
1671 4806 1709 4821 -
1723 4779 1813 4850 6986.

382 4872 469 4942 6976,
485 4870 530 4926 sol.
550 4893 558 4925 r
577 4872 614 4937 v⁰3
631 4904 667 4914 -
680 4875 753 4945 6976
768 4875 801 4935 Α,
815 4873 857 4928 iol.
878 4892 910 4939 φ,
925 4905 959 4915 -
973 4878 1056 4947 6977,
1135 4872 1178 4927 sol.
1198 4875 1263 4938 1553
1281 4905 1317 4913 ω
1332 4874 1413 4946 6987,
1428 4871 1472 4926 sol.
1490 4875 1519 4935 ὃς
1541 4904 1572 4914 -
1591 4873 1673 4933 5031.
1687 4873 1730 4926 l'ol.
1747 4894 1759 4927 2
1775 4876 1810 4933 v⁰;
