4916 6380
685 528 774 614 aso
1268 526 1524 616 noricas
1622 651 1626 659 ⁵

740 708 915 797 Ailleurs‚
937 710 962 785 il
977 708 1042 784 fait
1059 707 1227 785 ressortir
1244 707 1297 784 les
1316 706 1534 785 differences
1551 705 1640 814 qu'il
1655 707 1748 785 avait
1765 710 2006 815 remarque'es
2020 712 2111 790 dans

684 839 737 916 les
752 841 850 916 deux
864 838 1036 916 relations
1054 838 1105 914 du
1124 854 1279 944 martyre
1296 838 1342 914 de
1358 839 1452 915 saint
1463 837 1536 946 Cyr
1551 855 1588 914 et
1602 838 1649 914 de
1671 838 1786 915 sainte
1803 837 1973 929 luliette3
1994 840 2021 917 il
2038 842 2111 919 dis-

511 827 557 864 tas

456 920 611 958 11.thOEless

516 1015 550 1050 na
685 989 767 1047 cute
789 1001 849 1047 ces
867 971 1101 1058 differem,
1125 999 1247 1076 essaye
1266 969 1313 1045 de
1327 968 1380 1046 les
1402 969 1591 1076 expliquer
1606 998 1657 1046 ou
1674 971 1722 1047 de
1737 968 1793 1045 les
1810 970 1995 1060 conciliet,
2017 991 2109 1051 etse

440 1107 557 1145 asarias
572 1108 649 1147 ⁶⁰¹⁹
683 1129 868 1208 prononce
896 1130 992 1206 pour
1017 1129 1092 1177 une
1112 1101 1255 1178 version
1274 1101 1338 1207 qui
1355 1099 1408 1177 lui
1424 1107 1539 1207 paruit
1563 1099 1647 1206 plus
1673 1130 1719 1178 en
1742 1100 1935 1181 harmonia
1956 1133 2031 1211 que
2055 1105 2109 1183 les

684 1251 804 1310 autres
821 1261 906 1308 avec
923 1231 957 1308 la
976 1231 1215 1338 chronologia
1234 1230 1403 1337 genbrale
1414 1239 1436 1307 ¹.

736 1365 852 1476 ppres
865 1363 965 1438 avoir
984 1364 1179 1468 remarque
1196 1392 1286 1469 que,
1305 1362 1395 1447 dans
1409 1361 1443 1438 le
1460 1363 1609 1440 diocese
1626 1364 1673 1440 de
1691 1364 1793 1453 Nice,
1810 1363 1846 1442 la
1861 1363 1936 1443 lete
1952 1366 2001 1445 dc
2016 1367 2110 1445 saint

1430 1631 1540 1692 Citieus
1559 1642 1587 1691 et
1600 1630 1702 1701 talita,
1718 1642 1810 1692 mater
1824 1633 1901 1715 ejus,
1923 1653 1976 1718 per
1993 1631 2107 1716 aliquos
2168 1620 2173 1631 “

1430 1755 1522 1795 annos
1533 1733 1760 1818 Dyoclecianum
1767 1735 1798 1793 in
1809 1735 1932 1819 imperio
1941 1738 2105 1815 anteqessit.

681 1633 759 1694 Bede
779 1633 885 1693 dicitur
902 1633 983 1715 quod
997 1632 1141 1715 Georgius
1154 1654 1255 1717 passus
1268 1632 1354 1692 estin

680 1736 797 1797 Persida
810 1736 839 1796 in
854 1737 965 1796 civitate
978 1734 1130 1820 Dyospoli;
1145 1746 1174 1796 et
1182 1735 1214 1794 in
1226 1733 1355 1817 quodam

678 1838 753 1899 libro
775 1838 812 1898 de
834 1837 904 1898 locis
925 1839 1123 1899 transmarinis
1145 1837 1251 1899 dicitur
1274 1837 1355 1919 quod

679 1942 802 2023 quiescit
824 1943 853 2000 in
873 1942 984 2002 civitate
1008 1940 1159 2026 Dyospoli‚
1188 1962 1247 2023 que
1274 1941 1354 2025 prius

679 2043 772 2104 Lidda
787 2044 950 2112 vocabatur,
967 2055 997 2105 et
1017 2055 1059 2104 est
1067 2046 1147 2126 juxta
1161 2044 1254 2128 Jopen
1267 2065 1354 2128 supra

680 2168 767 2206 arare.
796 2147 827 2206 ln
851 2144 974 2229 legenda
1001 2157 1098 2207 autem
1120 2167 1179 2229 que
1199 2144 1304 2228 legitur
1322 2147 1353 2205 in

679 2249 814 2317 Francia,
830 2249 936 2309 dicius
952 2248 1033 2333 quod
1050 2271 1152 2334 passus
1170 2259 1213 2309 est
1227 2250 1283 2309 sub
1297 2249 1353 2309 Da·

678 2352 761 2411 ciano
783 2352 973 2436 Yspaniarum
995 2352 1122 2436 preside,
1145 2352 1353 2437 imperantibus
1390 2428 1394 2435 ἢ

677 2454 869 2538 Dyocleciano
891 2465 920 2515 et
942 2455 1125 2515 Maximiano.
1147 2455 1179 2513 ln
1205 2453 1259 2515 alia
1286 2476 1353 2514 vero

678 2558 740 2641 ejus
759 2557 896 2639 legenda,
922 2579 981 2639 qne
1003 2558 1151 2618 invenitur
1168 2558 1199 2617 in
1226 2558 1353 2641 antiquis

563 2665 572 2673 '
677 2659 759 2721 libris
775 2660 976 2742 Lotboringie‚
987 2660 1093 2721 dicitur
1105 2659 1185 2742 quod
1201 2682 1299 2745 passus
1311 2672 1353 2721 est

678 2763 734 2823 sub
756 2763 883 2823 Deciano
907 2763 1080 2847 imperatore
1101 2763 1267 2831 Persarum,
1288 2785 1352 2847 pre·

679 2864 809 2926 sentibus
831 2866 1010 2949 septuaginta
1033 2866 1150 2949 regibus
1173 2865 1211 2925 de
1230 2867 1352 2950 imperio

679 2970 771 3050 ejus·
795 2967 848 3027 Ms.
870 2964 911 3034 64
935 2968 972 3028 de
993 2966 1153 3037 Toulouse.
1186 2977 1221 3027 ι’·
1247 2969 1350 3053 partie,

677 3069 727 3131 sot
745 3071 781 3132 δι
799 3080 834 3129 ν’.

721 3172 728 3202 ¹
754 3174 807 3234 «ln
830 3173 939 3260 prelata
960 3173 1082 3257 legenda
1103 3196 1155 3236 seu
1175 3174 1315 3258 hystoria,
1336 3198 1352 3235 a

676 3276 831 3338 Tbeodoro
842 3278 977 3363 episcopo
985 3279 1099 3367 Zosimo
1108 3278 1282 3363 coepisoepo
1289 3279 1352 3339 des·

676 3360 778 3449 tituta.
795 3392 823 3440 et
836 3382 866 3439 in
879 3380 1007 3463 quadam
1018 3379 1074 3441 alia
1088 3402 1147 3463 que
1162 3381 1192 3440 in
1205 3379 1352 3466 plerisque

677 3481 804 3544 ecelesiis
816 3494 956 3564 tanquam
971 3483 1095 3544 veridica
1107 3482 1214 3564 legitur
1227 3494 1257 3543 et
1268 3482 1351 3544 habe·

676 3595 731 3651 tur.
747 3586 936 3646 inveniuntur
949 3585 1078 3666 quedam
1098 3606 1156 3667 que
1174 3585 1306 3648 videntrsr
1320 3587 1350 3647 in

675 3685 823 3769 aliquibus
837 3688 996 3749 dissonare.
1322 3742 1326 3759 ,

717 3790 837 3851 «Primo
857 3812 997 3874 rumque.
1014 3791 1083 3873 quia
1097 3791 1128 3851 in
1148 3793 1201 3853 ista
1223 3790 1349 3874 legenda

674 3891 821 3955 theodori
845 3894 981 3955 scribitur
995 3892 1083 3976 'quod
1106 3892 1268 3957 Alexander
1285 3896 1350 3977 qui·

673 3994 742 4057 dum
762 3996 855 4057 [uerat
872 3997 984 4059 noviter
1005 4019 1021 4057 a
1039 3995 1233 4079 Dyoclecisno
1253 4019 1349 4082 preses

674 4097 791 4161 effectus
807 4100 837 4158 io
852 4099 982 4183 partibas
992 4098 1138 4169 Scleueie,
1157 4121 1216 4182 que
1236 4112 1278 4167 eat
1293 4122 1348 4162 me-

673 4199 793 4286 trapolis
808 4202 948 4284 Hysaurie
960 4203 1064 4285 gentis.
1089 4203 1124 4263 ln
1144 4201 1199 4263 alia
1221 4186 1288 4265 vero
1309 4202 1349 4266 ls-

672 4303 767 4386 genda
781 4304 915 4367 scribitur
926 4316 956 4365 et
965 4304 1089 4366 habetur
1098 4304 1177 4387 qued
1187 4304 1349 4368 Atexmdsr

672 4426 782 4491 preses,
798 4408 854 4468 sub
869 4429 929 4491 quo
950 4409 1027 4493 passi
1047 4419 1116 4489 ¹sunt
1130 4409 1263 4470 martires
1272 4408 1347 4471 Ciri-

672 4532 723 4571 eus
741 4521 772 4570 et
785 4509 888 4579 tutin,
909 4511 965 4571 suit
980 4511 1035 4571 sub
1049 4521 1180 4595 ternpore
1192 4509 1347 4575 Alexandri

607 4624 615 4633 '
672 4612 865 4697 imperatoris,
881 4613 976 4673 eidem
992 4635 1109 4673 consors
1127 4614 1157 4673 in
1170 4615 1303 4684 nomine.
1318 4626 1347 4676 et

671 4715 829 4777 oenoorsiu
839 4714 947 4777 scalere
957 4715 1165 4800 persequendi,
1180 4716 1273 4781 ethos
1283 4716 1345 4778 ulti-

671 4838 754 4877 mum
767 4817 926 4879 tenendum
937 4840 1001 4880 esse
1011 4818 1131 4885 ridetur.
1144 4822 1211 4902 quia
1227 4818 1345 4882 Alexan-

1430 1839 1505 1897 sieut
1517 1860 1550 1898 ex
1563 1837 1687 1898 cronicis
1701 1838 1907 1922 imperatorum
1921 1836 2067 1921 colligitur
2078 1852 2108 1901 et

1429 1939 1560 2000 habetur.
1583 1941 1620 2000 Et
1641 1938 1707 2001 ideo
1729 1940 1823 2025 passio
1849 1922 2106 2003 sommdem'non

1429 2042 1486 2103 luit
1510 2040 1694 2125 Dyocleeiani
1714 2052 1858 2128 tempore,
1883 2042 1935 2104 sed
1953 2055 2036 2105 antea
2053 2065 2107 2130 per

1429 2167 1521 2206 annos
1536 2144 1646 2228 aliquot
1661 2143 1833 2207 celebratur.
2156 2142 2168 2165 ⁶

1472 2247 1626 2311 «Sectrndo
1641 2270 1722 2316 vero.
1737 2250 1804 2331 quia
1824 2250 1855 2308 in
1874 2247 1996 2334 legenda
2011 2250 2104 2311 Theo-

1429 2352 1494 2412 dori
1512 2364 1626 2413 sanctus
1643 2334 1755 2412 Ciiicus
1779 2374 1838 2411 non
1858 2352 1993 2413 scribitur
2014 2352 2105 2415 multa

1428 2455 1517 2515 luisse
1542 2454 1663 2537 loqutus
1686 2477 1786 2514 coram
1810 2452 1940 2540 preside.
1970 2457 2027 2517 nisi
2048 2456 2105 2518 hec

1430 2556 1560 2619 videlicet
1575 2556 1658 2639 quod
1676 2579 1760 2619 voees
1780 2580 1921 2621 consonas
1940 2560 2025 2622 mebi
2043 2560 2104 2621 red·

1428 2659 1502 2721 dens
1522 2661 1641 2723 aiebat:
1665 2661 1795 2743 «Et-ego
1815 2660 1986 2723 christianus
2008 2683 2104 2727 sum-s

1429 2763 1461 2823 ln
1484 2762 1538 2823 alia
1558 2785 1624 2824 vero
1647 2762 1770 2846 legenda
1790 2763 1964 2824 describitur
1989 2775 2018 2825 et
2040 2786 2104 2826 nar·

1429 2876 1507 2926 ratur
1538 2866 1626 2927 [idem
1654 2889 1687 2926 ac
1713 2865 1895 2950 doctrina[m]
1930 2865 1998 2927 fidei
2030 2890 2103 2928 con·

1428 2979 1534 3033 stanter
1552 2992 1586 3029 ac
1602 2968 1772 3030 mirabiliter
1791 2991 1878 3054 supra
1895 2978 2000 3043 estem
2019 2990 2103 3032 suam

1425 3070 1580 3155 legemque
1595 3083 1697 3134 nature
1715 3073 1747 3133 in
1767 3070 1868 3155 inultis
1886 3071 2055 3135 menime
2072 3086 2103 3136 et

1428 3174 1572 3260 presidem
1587 3175 1757 3237 confutasse.
1773 3175 1832 3239 Sed
1851 3175 1907 3237 boe
1925 3175 1983 3239 cito
2000 3174 2104 3239 dissol-

1427 3280 1511 3347 vitur,
1529 3280 1599 3361 quia
1615 3280 1644 3339 in
1665 3278 1818 3339 scribendo
1840 3300 1886 3338 res
1903 3288 2010 3361 gestas,
2024 3301 2102 3343 uuus

1426 3382 1519 3466 potuit
1531 3381 1684 3442 scribendo
1699 3403 1831 3442 enarrare
1846 3380 1929 3464 quod
1942 3380 2014 3442 alius
2029 3384 2102 3443 omi·

1426 3484 1521 3553 sisset,
1540 3483 1585 3546 vel
1602 3505 1618 3545 e
1638 3506 1776 3546 converso
1791 3484 2017 3579 omitteresquqd
2030 3484 2101 3545 alius

1426 3589 1655 3672 conscripsisset.
1673 3597 1702 3648 et
1719 3588 1751 3647 in
1769 3588 1909 3671 scriptura
1923 3608 2002 3649 sacra
2017 3589 2102 3649 iuter·

1307 3709 1312 3717 ·
1425 3688 1498 3750 dum
1511 3688 1595 3751 silere
1606 3691 1759 3775 reperitur.

1468 3820 1478 3846 ι
1488 3793 1591 3853 Tereia
1604 3813 1736 3875 quoque.
1747 3793 1817 3874 quia
1827 3794 1858 3853 in
1870 3792 1993 3876 legenda
2007 3792 2101 3855 Tbee

1390 3910 1394 3920 ’
1423 3895 1494 3961 dart
1503 3895 1638 3957 soeibitur
1650 3895 1713 3959 dies
1727 3896 1848 3957 mortitii
1857 3907 2025 3959 sanctorum
2037 3917 2101 3957 ere·

1424 3999 1500 4061 nisse
1521 3998 1573 4061 XV
1597 3998 1645 4062 die
1668 3999 1776 4061 mesrsis
1795 3997 1875 4059 tulii.
1899 3999 1933 4060 Iu
1952 3996 2008 4060 alis
2032 4020 2100 4061 reru

1423 4099 1547 4183 legenda
1558 4102 1694 4163 scribitur
1708 4112 1862 4185 etaetatur
1870 4100 1924 4163 ,ΧΥ
1929 4102 1940 4162 Ι
1954 4099 2003 4163 die
2017 4123 2100 4165 men·

1422 4205 1461 4263 sis
1473 4204 1567 4271 Juttii,
1581 4202 1714 4269 videlieet
1726 4205 1790 4267 tvl
1803 4203 1938 4267 kalendas
1949 4202 2018 4267 Julii
2026 4252 2033 4272 ,
2042 4226 2100 4288 qua

1422 4305 1470 4367 die
1477 4329 1580 4369 corum
1586 4307 1722 4369 festivitas
1730 4308 1925 4369 commuttiter
1937 4308 1968 4369 in
1979 4306 2099 4370 eeclesia

1422 4408 1589 4471 celebratur.
1601 4409 1707 4473 Etlsoc
1719 4409 1857 4473 ultimum
1870 4421 1916 4471 cst
1928 4410 2098 4475 tenendum„

1422 4513 1553 4575 Primum
1575 4536 1642 4575 vero
1663 4535 1698 4575 ex
1720 4515 1893 4599 scripturum
1913 4513 1987 4577 vicie
1999 4511 2044 4577 vd
2064 4534 2099 4576 at

1421 4638 1606 4699 quacumque
1622 4638 1709 4679 canu
1723 4615 1779 4679 ulis
1792 4638 1881 4699 quam
1894 4617 1992 4678 nmio
2002 4616 2099 4702 potuit

1421 4720 1566 4780 evenire·
1582 4719 1635 4779 Ms.
1652 4717 1694 4785 bd
1707 4719 1745 4781 de
1757 4718 1917 4787 Touluuse.
1945 4727 1979 4781 1‘'
1992 4719 2095 4805 partie.

1420 4820 1470 4880 sol.
1482 4823 1521 4883 51
1541 4829 1569 4885 ν’
1584 4823 1678 4887 etbs.

669 4918 723 4982 der
737 4920 901 5005 ianpsrator.
916 4921 1044 5003 subque
1058 4923 1134 5006 passi
1148 4935 1215 4987 sunt
1229 4935 1344 4985 sanetus
1494 4956 1503 4969 ·
