4928 6382
417 694 451 703 .—

508 789 552 827 m

451 882 607 922 mervacum

513 977 548 1016 DE

436 1071 554 1109 annuant>
569 1072 622 1109 dili⁴

681 488 769 575 ava
974 470 978 479 ’
1270 489 1525 578 noricus

678 682 794 739 tamen
810 668 852 740 ad
869 667 1012 764 plenum
1026 692 1133 766 usque
1148 666 1316 764 digestum
1327 668 1590 765 neglectumque
1603 665 1645 738 ab
1660 665 1820 738 omnibus
1837 670 1951 740 curavi
1966 667 2108 741 sollicite

680 790 872 887 recolligere
881 817 925 861 ne
935 793 1074 886 periret,
1086 816 1168 862 oum
1177 790 1486 886 videreturpenitus
1494 789 1688 872 derelictus,
1698 792 1879 886 ipsumque
1887 794 2109 889 compingens

680 916 773 1009 quasi
786 915 917 984 noviter
932 911 1115 984 reformavi
1124 914 1146 994 ¹,
1160 917 1194 983 in
1208 939 1278 1009 quo
1291 911 1481 984 secundum
1495 914 1699 1008 exigenciam
1711 915 1852 983 materie
1862 914 2027 985 nonnulla
2040 939 2107 1012 que

681 1033 827 1104 obmissa
845 1032 978 1104 lucrant
996 1049 1028 1104 et
1045 1035 1141 1130 plura
1162 1062 1229 1132 que
1248 1034 1470 1130 postmodum
1487 1049 1670 1105 evenerunt
1686 1033 1903 1129 superaddidi
1921 1034 2004 1107 locis
2022 1040 2106 1119 suis,

680 1169 784 1250 prout
801 1158 943 1249 ipsemet
957 1159 991 1225 in
1009 1159 1178 1252 principio
1193 1159 1302 1227 innuit
1317 1155 1527 1238 laciendum,
1548 1171 1581 1226 et
1598 1155 1641 1226 de
1656 1155 1822 1226 similibus
1840 1154 1911 1226 lieri
1930 1160 2054 1253 poterit
2072 1161 2107 1229 in

681 1274 844 1346 futurum.
861 1275 984 1347 Addita
998 1303 1078 1347 vero
1098 1280 1134 1347 in
1154 1281 1304 1375 margine
1321 1281 1370 1348 uti
1387 1281 1499 1372 sepius
1516 1292 1595 1347 sunt
1611 1280 1738 1373 signata
1746 1279 1770 1346 ².

617 1406 626 1427 ’
731 1397 889 1468 Secundo
902 1397 1018 1469 addidi
1032 1413 1212 1470 tractatum
1223 1425 1355 1470 novum
1367 1398 1410 1471 de
1426 1398 1531 1470 tribus
1543 1398 1701 1495 gradibus
1714 1399 1923 1494 prelatorum
1938 1403 1974 1470 in
1987 1400 2107 1472 oudino

680 1519 952 1603 predicatorum,
970 1522 1028 1593 ubi
1047 1525 1162 1617 primo
1180 1525 1410 1621 compingitur
1422 1521 1616 1621 cathalogus
1635 1524 1873 1619 magistrorum
1892 1522 2022 1594 ordinis
2038 1549 2109 1594 suc·

681 1645 816 1722 cessim,
836 1641 985 1712 secundo
1000 1645 1102 1713 series
1117 1658 1149 1717 et
1162 1642 1247 1715 ordo
1258 1645 1413 1739 priorum
1427 1643 1685 1739 provincialium
1699 1646 1733 1713 in
1746 1646 1921 1739 provincia
1932 1643 2108 1719 Provineie

679 1763 870 1860 quondam,
887 1790 981 1835 nunc
999 1766 1078 1835 vero
1092 1768 1127 1834 in
1140 1769 1315 1861 provincia
1326 1765 1535 1844 Tholosana‚
1556 1769 1591 1835 in
1609 1764 1733 1861 quibus
1750 1764 1793 1837 de
1805 1764 1943 1861 singulis
1958 1766 2106 1864 quedam

679 1889 814 1981 propria
842 1900 920 1956 sunt
932 1901 1046 1957 notata
1064 1912 1130 1982 que
1145 1891 1373 1958 communiter
1389 1887 1512 1958 alicubi
1528 1911 1597 1958 non
1617 1886 1794 1957 habentur.
1813 1885 1891 1975 Que
1908 1892 2021 1959 omnia
2034 1903 2107 1961 tam

679 2005 722 2077 de
743 2010 908 2102 magistris
930 2034 1035 2103 quem
1055 2008 1098 2079 de
1121 2008 1292 2104 prioribus
1310 2008 1580 2105 provincialibus
1598 2008 1755 2105 recollegi
1776 2013 1901 2105 partim
1915 2035 1954 2083 cx
1967 2010 2109 2106 quibus-

679 2128 759 2203 dam
770 2155 836 2225 que
848 2130 912 2224 legi
926 2134 961 2203 iu
975 2129 1111 2203 diversis
1126 2134 1224 2227 gestis
1238 2131 1328 2204 beati
1340 2131 1514 2205 Dominioi
1524 2134 1627 2228 patria
1640 2134 1763 2212 nostri,
1775 2156 1925 2228 quonam
1936 2144 2107 2227 gestorum

548 2238 560 2249 l
678 2250 943 2346 compilaciones
964 2255 1117 2347 quinque
1132 2278 1236 2348 penes
1252 2279 1309 2325 mo
1330 2253 1501 2326 habebam
1525 2256 1561 2325 in
1578 2279 1649 2325 uuo
1672 2253 1828 2326 collectas
1848 2253 2037 2335 volumina,
2059 2271 2109 2327 set

678 2371 899 2450 distinerent
920 2376 956 2444 in
979 2377 1060 2445 actis
1082 2375 1309 2471 capitulorum
1330 2402 1400 2472 que
1417 2380 1512 2472 prius
1529 2379 1564 2448 in
1579 2401 1691 2447 unum
1713 2377 1917 2471 collegeram
1939 2392 2106 2473 quantum

678 2498 775 2589 potui
789 2498 953 2593 reperire,
966 2510 1001 2566 et
1016 2499 1053 2567 in
1068 2496 1275 2592 quibusdam
1291 2497 1335 2569 ab
1353 2498 1424 2569 aliis
1438 2500 1635 2592 prenotatis.
1647 2496 1807 2586 Quodam
1819 2523 1900 2571 vero
1916 2498 2005 2571 fideli
2023 2498 2107 2571 rela-

678 2620 776 2689 cione
794 2631 828 2687 et
844 2620 1053 2689 attestatione
1077 2617 1182 2690 didici
1204 2623 1390 2691 seniorum.
1413 2621 1451 2692 In
1477 2620 1615 2716 singulis
1633 2634 1748 2695 autem
1768 2645 1876 2693 annos
1899 2635 1930 2694 ut
1952 2635 2107 2716 tempora

678 2742 834 2810 annotavi
852 2754 1019 2834 quantum
1036 2743 1115 2812 scivi
1137 2755 1169 2811 et
1189 2745 1287 2838 potui
1306 2744 1491 2814 invenire³.

728 2859 852 2932 Teroio
869 2885 953 2934 rem
967 2862 1046 2934 loco
1068 2865 1221 2958 prienam
1241 2864 1522 2937 conventualium
1540 2866 1648 2939 xxviii
1663 2877 1893 2937 conventuum
1910 2861 2055 2939 fratrum
2074 2878 2109 2937 et

677 2986 781 3053 trium
800 2987 1085 3056 monasteriorum
1104 3009 1263 3057 sororum
1281 2985 1425 3069 ordinis,
1442 2989 1500 3084 qui
1518 3001 1654 3059 tantum
1672 3002 1851 3060 remanent
1873 2988 1908 3058 io
1929 2986 2106 3084 provincia

677 3103 886 3186 tholosam,
898 3130 1063 3178 numerus
1074 3121 1109 3178 et
1119 3106 1206 3181 ordo
1220 3107 1435 3181 subnectitur
1448 3112 1596 3181 seriatim
1606 3165 1615 3193 ‚
1627 3113 1664 3182 in
1678 3109 1817 3207 singuiis
1830 3104 2106 3181 nudatioaibnt

675 3226 832 3301 locorum
850 3243 1006 3324 tempore
1025 3231 1184 3325 primitus
1192 3245 1372 3326 prenotato
1388 3231 1431 3303 de
1441 3232 1506 3302 hiis
1523 3256 1591 3329 que
1603 3257 1713 3329 usque
1724 3256 1820 3303 nuuc
1827 3232 1926 3329 potui
1937 3232 2103 3303 iuvenire.

725 3349 859 3438 Quarto
872 3354 1028 3448 quoque⁶
1040 3351 1116 3422 looo
1127 3377 1312 3423 numerum
1327 3367 1360 3424 et
1373 3357 1514 3425 nomina
1528 3368 1759 3427 conventuum
1768 3352 1913 3429 fratrum
1924 3378 1964 3424 ac
1973 3377 2107 3426 monas

597 3502 600 3509 ’
675 3474 841 3543 teriorum
857 3498 1016 3544 soromm
1026 3476 1062 3543 in
1075 3473 1214 3569 singulis
1231 3478 1415 3571 provinciis
1427 3480 1537 3548 tocius
1554 3475 1683 3549 ordinis
1698 3475 1867 3571 recollegi.

727 3591 878 3681 Quinto⁷
897 3619 978 3665 vero
996 3608 1068 3665 acta
1088 3596 1315 3691 capitulorum
1336 3598 1548 3693 generalium
1567 3613 1600 3669 et
1615 3597 1878 3695 provincialium
1895 3611 2009 3668 nostre
2028 3622 2106 3694 pro·

675 3716 784 3785 vincie
803 3740 870 3810 que
889 3714 932 3787 ab
952 3719 1054 3787 inicio
1070 3743 1178 3815 usque
1199 3724 1235 3790 in
1252 3734 1442 3816 presentem
1460 3747 1591 3793 annum
1607 3725 1705 3818 potui
1723 3724 1921 3817 reperirem
1936 3745 2008 3791 uno
2025 3744 2105 3793 con·

715 3902 722 3933 ¹
741 3899 790 3952 Les
801 3910 866 3952 mota
878 3900 1000 3975 ipauaupue
1010 3921 1032 3956 c.
1043 3922 1067 3976 q.
1078 3923 1101 3957 n.
1116 3903 1244 3978 reformavi
1253 3916 1299 3958 out
1311 3907 1351 3959 etl
1427 3925 1491 3968 ma..
1503 3905 1527 3959 la
1537 3906 1631 3981 phrase
1642 3905 1737 3971 Quarto
1746 3937 1785 3947 -
1797 3903 1908 3980 recollegi
1921 3923 1936 3959 a
1951 3905 1992 3961 eti
2004 3907 2105 3978 ajouter

676 3992 754 4046 ecrite
765 3994 840 4066 apres
852 4012 920 4068 coup
934 3995 999 4049 dana
1015 3995 1039 4049 la
1053 4013 1141 4069 marge
1157 3996 1193 4051 du
1212 3998 1352 4052 manuscrit
1426 4002 1500 4075 apris
1513 4018 1581 4075 coup
1596 3998 1660 4053 dans
1672 4000 1698 4054 la
1713 4018 1810 4073 marge.

674 4082 783 4158 d'ilgen.
1206 4123 1211 4131 ·
1463 4095 1562 4149 ‘uana
1584 4092 1609 4148 la
1632 4112 1682 4153 ms.
1704 4095 1772 4168 ηδ,
1796 4094 1820 4148 le
1838 4091 1998 4166 paragrapho
2014 4090 2105 4155 Quirite

712 4181 722 4213 ²
740 4168 781 4237 lae*
794 4200 842 4235 ms.
864 4181 916 4255 273
934 4193 960 4235 it
979 4183 1003 4239 le
1022 4201 1070 4238 ma.
1091 4183 1125 4241 de
1144 4183 1275 4241 Bordeaux
1293 4204 1352 4258 por·
1425 4205 1481 4241 aero
1493 4217 1531 4228 -
1547 4183 1609 4243 tedio
1626 4199 1649 4243 ct
1663 4183 1746 4241 inim
1761 4206 1777 4242 a
1794 4187 1834 4243 aa
1849 4186 1936 4259 ajoutd
1948 4187 2023 4260 aptita
2037 4204 2105 4259 caup

674 4285 727 4327 tent
740 4296 746 4329 z
764 4274 874 4330 ‹addita
890 4294 947 4328 vero
964 4277 1051 4350 sepius
1066 4277 1095 4333 in
1112 4278 1228 4351 margine
1241 4290 1302 4332 sunt
1319 4280 1350 4333 si·
1425 4299 1458 4334 en
1469 4298 1562 4353 merge.
1573 4283 1610 4335 Le
1621 4286 1706 4335 meme
1715 4280 1898 4355 paragraphea
1908 4282 1949 4335 ete
1959 4278 2106 4353 &galement

675 4379 777 4439 gnata·
1425 4374 1496 4429 tracd
1507 4376 1581 4449 apres
1595 4393 1677 4451 eoup.
1689 4373 1723 4430 de
1737 4374 1762 4429 la
1774 4374 1845 4429 main
1859 4373 1892 4429 de
1908 4373 2025 4435 l'autaur,
2037 4371 2105 4428 dans

686 4452 692 4463 ’
711 4463 722 4494 ⁸
739 4461 867 4535 Reperire,
881 4482 930 4517 ma.
944 4462 1048 4538 d'lgen.
1425 4467 1450 4523 la
1462 4487 1551 4542 merge
1562 4466 1598 4522 du
1614 4488 1662 4523 ms.
1678 4469 1791 4542 d'lgen.
1801 4467 1915 4543 quelque
1929 4476 2014 4540 temps
2027 4468 2102 4541 apres

713 4556 719 4586 ²
739 4556 776 4610 Co
797 4554 888 4611 chiltra
907 4575 925 4613 a
945 4560 987 4612 ite
1009 4558 1150 4632 aurehargi
1168 4558 1233 4613 dam¹
1253 4558 1280 4615 le
1300 4578 1349 4613 ms.
1412 4561 1557 4617 ·l'addition
1581 4561 1618 4617 du
1646 4561 1805 4636 paragrapho
1833 4561 1929 4626 Quarto
1955 4579 2011 4615 aero
2032 4557 2102 4619 loco:

673 4645 783 4718 d'Agcm
797 4648 815 4701 il
828 4647 913 4702 devait
927 4669 942 4723 y
956 4651 1027 4705 avoir
1037 4651 1242 4727 primitivement
1253 4668 1312 4709 m.
1424 4653 1519 4710 l'euera
1540 4667 1565 4710 et
1588 4656 1615 4709 la
1638 4655 1729 4730 plume
1749 4655 1897 4730 employlas
1918 4671 1986 4729 pour
2003 4656 2105 4727 ajoutm

711 4742 721 4775 ⁸
739 4737 919 4801 anduennio,
937 4762 986 4798 ms.
1002 4746 1054 4816 ²73
1071 4756 1096 4799 et
1109 4763 1158 4800 ms.
1169 4745 1278 4819 d'Agen.
1425 4747 1528 4803 ebacuu
1540 4748 1573 4803 de
1586 4767 1628 4805 cea
1640 4749 1813 4825 paragraplics
1825 4759 1885 4803 sont
1895 4758 1953 4805 tout
1968 4744 2040 4803 atati
2053 4745 2106 4802 dil·

709 4836 718 4865 ⁶
740 4832 834 4896 Quarto
851 4855 905 4889 acro
922 4835 989 4891 loco¹
1001 4876 1026 4891 ..
1046 4838 1095 4893 tas.
1113 4838 1218 4912 d'Agea.
1234 4839 1304 4897 Dana
1321 4859 1350 4895 ee
1425 4842 1546 4897 serentes.
