4928 6382
401 746 626 759 ..m——

492 848 536 883 LES

436 943 456 977 lt
462 941 593 977 ultusultus

495 1034 529 1070 DE

418 1128 536 1165 causant>
551 1126 605 1164 (illl.

667 549 751 632 tlt
1247 539 1502 625 NOTICES

1196 794 1248 862 De
1264 790 1377 886 pseudo
1396 794 1552 887 apostolis.

714 967 766 1036 De
781 977 869 1034 secta
883 960 1011 1058 pseudo
1025 960 1257 1055 apostolorum
1271 963 1330 1053 qui
1349 957 1468 1029 dicunt
1483 984 1518 1029 se
1531 959 1701 1054 apostolos
1718 959 1855 1032 Christi.

715 1087 766 1157 De
781 1083 888 1154 modo
906 1107 975 1178 quo
987 1084 1197 1176 recipiuntur
1214 1080 1255 1151 ad
1273 1061 1399 1151 sectam
1418 1094 1452 1150 et
1464 1079 1622 1150 ordinem
1634 1081 1742 1150 illum.

717 1207 769 1278 De
784 1204 955 1275 erroribus
970 1217 1060 1273 secte
1079 1200 1209 1298 pseudo
1229 1201 1474 1297 apostolorum.

717 1329 768 1399 De
783 1324 890 1397 modo
908 1323 1136 1420 persuadendi
1155 1348 1260 1427 quem
1279 1339 1413 1393 servant
1427 1326 1460 1392 in
1480 1322 1618 1417 publico
1628 1322 1759 1418 pseudo
1778 1325 1931 1418 apostoli.

716 1450 768 1520 De
784 1448 890 1519 modo
904 1443 1098 1543 inquirendi
1117 1459 1150 1514 ct
1164 1443 1377 1514 examinandi
1397 1441 1527 1538 pseudo
1545 1445 1725 1537 apostolos.

717 1572 769 1642 De
783 1571 1048 1663 interrogatoriis
1062 1566 1277 1663 generalibus
1291 1563 1451 1636 faciendis
1470 1564 1610 1635 eisdem.

718 1693 770 1763 De
783 1692 1048 1786 interrogatoriis
1065 1687 1266 1783 specialibus
1279 1687 1320 1757 ad
1341 1687 1604 1758 examinandum
1624 1686 1754 1782 pseudo
1770 1688 1950 1782 apostolos.

717 1813 896 1883 Instructio
910 1835 970 1881 seu
984 1809 1185 1880 informacio
1200 1807 1348 1904 quedam
1359 1812 1446 1879 circa
1462 1809 1632 1903 predictos
1647 1808 1778 1902 pseudo
1791 1808 1961 1903 apostolos
1975 1808 2089 1879 obser·

665 1933 784 2007 vando.

957 2108 1103 2204 Sequitur
1120 2105 1158 2176 de
1176 2105 1312 2203 bequiois
1331 2106 1473 2176 hereticis
1491 2104 1631 2175 moderni
1648 2109 1801 2200 temporis.

717 2295 769 2366 De
787 2308 874 2364 secta
895 2293 1125 2390 bequinorum
1143 2290 1301 2362 moderni
1321 2295 1501 2387 temporis,
1516 2290 1608 2362 unde
1626 2316 1756 2362 errores
1774 2296 1925 2386 ipsorum
1945 2297 2090 2389 origines

667 2418 871 2489 habuerunt.
1278 2510 1281 2515 ξ

717 2538 769 2608 De
788 2535 892 2606 modo
912 2550 945 2605 et
954 2540 1021 2604 ritu
1037 2534 1171 2606 vivendi
1190 2548 1223 2604 et
1235 2533 1457 2604 conversandi
1474 2538 1625 2629 ipsorum
1643 2534 1882 2630 bequinorum.

717 2660 770 2730 De
785 2661 885 2750 signis
903 2658 1026 2752 quibus
1042 2655 1182 2752 bequiui
1201 2659 1344 2725 exterius
1361 2656 1552 2751 aliqualiter
1567 2656 1805 2751 distinguntur.

719 2781 770 2851 De
790 2778 937 2849 articulis
955 2781 1104 2849 erroneis
1123 2792 1181 2847 aut
1203 2780 1396 2847 scismaticis
1414 2791 1474 2847 aut
1492 2780 1679 2848 temerariis
1692 2802 1731 2849 ac
1753 2776 1842 2849 salsis
1861 2777 2091 2874 bequinorum

668 2918 702 2974 et
717 2904 934 2998 sequentium
954 2904 1106 2995 ipsorum
1121 2897 1279 2968 moderni
1294 2902 1468 2993 temporis.

718 3025 770 3095 De
784 3021 890 3094 modo
909 3020 1124 3093 examinandi
1142 3036 1175 3090 et
1195 3020 1423 3115 interrogandi
1442 3021 1609 3118 bequinos
1625 3021 1805 3116 predictos.

719 3146 977 3239 interrogatoria
996 3146 1133 3238 propria
1147 3143 1191 3213 ad
1206 3142 1372 3237 bequinos
1390 3142 1547 3214 moderni
1564 3142 1736 3238 temporis.

720 3268 879 3338 Doctrina
896 3292 955 3336 scu
973 3269 1148 3335 instructio
1167 3279 1284 3336 contra
1301 3270 1462 3335 astuciam
1479 3279 1512 3335 ct
1529 3266 1698 3335 maliciam
1717 3267 1856 3336 illorum
1872 3269 1930 3361 qui
1944 3267 2092 3360 requisiti

667 3391 788 3461 nolunt
801 3391 977 3458 veritatem
992 3390 1027 3456 in
1041 3385 1173 3482 judicio
1192 3384 1357 3456 confiteri.

718 3512 841 3581 Forma
861 3512 1030 3578 sentencie
1046 3510 1411 3578 excommunicacionis
1426 3521 1543 3578 contra
1554 3509 1648 3578 tales.

718 3633 804 3701 ltem
829 3629 938 3701 forma
960 3630 1094 3699 alterius
1117 3633 1286 3699 sentencie
1310 3632 1674 3699 excommunicacionis
1698 3644 1815 3699 contra
1840 3628 1952 3698 taliter
1975 3643 2093 3699 contu·

667 3779 789 3824 maces.
1371 3758 1375 3767 '

718 3875 899 3945 instructio
923 3871 966 3943 ad
993 3871 1241 3942 excludendum
1273 3871 1393 3942 dolum
1417 3886 1451 3941 et
1477 3869 1644 3942 fallaciam
1669 3873 1860 3968 aliquorum
1884 3876 1944 3966 qri
1972 3871 2094 3941 uolunt

667 3997 755 4065 clare
768 4009 802 4065 et
818 3993 930 4064 lucide
949 3992 1009 4063 scd
1023 3992 1182 4088 ambigue
1201 4006 1235 4062 ct
1248 3992 1391 4064 obscure
1409 4007 1442 4062 et
1459 3996 1625 4088 equivoco
1643 3991 1860 4086 responderet

719 4117 806 4187 ltem
827 4114 868 4186 de
893 4119 1030 4185 transitu
1050 4114 1158 4185 fratris
1179 4113 1267 4185 Petri
1291 4114 1455 4185 Johannis
1477 4114 1583 4194 olivi,
1607 4139 1709 4210 quem
1732 4112 1871 4210 bequiui
1897 4126 1930 4183 et
1947 4111 2094 4206 bequine

668 4243 701 4307 in
721 4242 788 4309 suis
807 4239 1054 4309 conventiculis
1064 4252 1267 4307 veneranter
1280 4239 1393 4335 sepius
1412 4237 1529 4330 legunt
1546 4250 1605 4305 aut
1618 4236 1683 4331 legi
1704 4236 1859 4305 audiunt.

1147 4431 1292 4528 Sequitur
1307 4429 1345 4501 de
1360 4429 1483 4526 perfidis
1498 4429 1616 4501 Judeis.

718 4600 771 4671 De
790 4598 930 4695 perfidia
942 4597 1133 4668 Judeorum
1147 4611 1266 4668 contra
1283 4595 1388 4666 iidem
1403 4596 1681 4667 christianorum.

720 4722 770 4791 De
786 4719 892 4791 modo
905 4745 963 4789 seu
983 4723 1049 4789 ritu
1067 4743 1173 4815 quem
1189 4717 1289 4789 Judei
1308 4717 1489 4793 observant
1506 4722 1541 4786 in
1562 4715 1808 4814 rejudaysando
1826 4740 2017 4787 conversos.

719 4842 976 4938 interrogatoria
991 4841 1147 4937 specialia
1159 4839 1202 4910 ad
1214 4840 1234 4909 J
1236 4838 1342 4910 udeos
1356 4851 1390 4917 et
1403 4837 1444 4911 ud
1462 4836 1700 4935 rejudaysatos.
