4928 6382
830 466 938 555 DES
970 466 1361 557 MANUSCRITS.
1721 471 1809 558 379

379 653 496 747 scripsi
512 649 699 730 volumine,
719 673 758 718 ex
774 646 914 721 diversis
929 649 1075 744 antiquis
1087 647 1205 718 rotulis
1223 662 1255 718 et
1268 649 1439 745 quaternis
1457 646 1615 744 colligens
1630 674 1710 721 oum
1723 650 1810 721 mul·

379 773 507 870 tiplici¹
524 770 615 842 tedio
631 786 662 841 et
680 769 806 841 labore.
1792 754 1799 767 ⁵
1940 770 1984 815 “l

431 893 599 989 Suscipiat
613 895 715 989 igitur
728 905 834 965 vestra
848 895 1030 988 paternitas
1046 890 1141 988 quod
1158 893 1318 988 injunxit,
1336 906 1368 962 et
1383 917 1420 961 ea
1436 917 1503 988 que
1522 895 1635 964 minus
1651 893 1738 966 bene
1752 912 1811 968 aut
1882 862 2038 997 ωῗξιω

379 1018 407 1086 si
424 1040 492 1111 qua
512 1013 601 1086 male
618 1017 726 1109 posita
745 1016 875 1084 noverit
892 1015 1036 1109 corrigat
1054 1026 1086 1082 et
1107 1011 1277 1084 emendet.
1296 1013 1337 1084 In
1356 1012 1517 1085 omnibus
1538 1018 1631 1085 enirn
1654 1014 1809 1090 desidero
1866 1050 1984 1091 mnaso
1999 1051 2053 1091 aar.

378 1136 528 1232 suppleri
540 1161 607 1232 que
623 1135 745 1207 desunt
764 1150 797 1207 et
812 1160 878 1232 que
894 1160 965 1206 non
980 1132 1138 1206 edificant
1155 1134 1329 1206 emendari
1350 1135 1393 1206 ab
1408 1135 1473 1207 biis
1489 1140 1549 1232 qui
1566 1140 1723 1209 noverint
1739 1138 1809 1234 ple·

378 1262 454 1329 nius
471 1283 539 1354 que
553 1261 673 1354 ignoro
689 1271 725 1328 et
742 1260 911 1353 attigerint
925 1255 1105 1352 perfectius
1120 1255 1165 1328 ad
1181 1280 1249 1353 que
1263 1282 1325 1354 ego
1342 1257 1500 1330 nondum
1510 1263 1605 1354 potui
1620 1263 1807 1355 peruenire.

378 1380 422 1452 Et
439 1379 485 1452 ob
502 1379 570 1452 hoc
587 1382 625 1450 in
640 1380 808 1476 plerisque
824 1380 907 1450 locis
921 1383 1033 1475 spacia
1049 1400 1154 1450 vacua
1170 1393 1250 1450 sunt
1262 1378 1409 1451 dimissa.
1424 1380 1499 1453 Hoc
1515 1406 1625 1451 unum
1642 1397 1763 1477 optans
1777 1397 1811 1454 ct

378 1502 571 1598 supplicans
586 1515 626 1573 ut
646 1500 690 1572 de
706 1500 770 1572 biis
785 1526 854 1596 que
872 1500 1004 1572 dotato
1022 1503 1077 1572 cui
1096 1500 1271 1597 praesidetis
1289 1501 1409 1573 ordine
1432 1502 1544 1598 colligi
1562 1500 1703 1584 facietis,
1722 1507 1810 1575 sicut

378 1639 531 1695 mentem
562 1636 705 1695 vestrm
735 1626 825 1695 circa
851 1622 919 1695 hoc
948 1649 968 1694 a
995 1622 1093 1695 vobis
1120 1622 1269 1695 'l'bolosa
1300 1627 1336 1694 in
1361 1622 1559 1697 diffinitorio
1584 1628 1727 1698 memini
1753 1652 1809 1697 me

379 1745 523 1827 audisse,
543 1743 783 1817 diffinitoribus
801 1744 1028 1817 assistentibus
1044 1745 1126 1817 hinc
1142 1760 1175 1816 et
1193 1745 1290 1827 inde,
1309 1750 1445 1842 copiam
1462 1746 1587 1818 habere
1605 1746 1810 1844 quandoque

377 1892 509 1938 merear
521 1865 614 1938 uude
627 1864 861 1940 reficisaleam
878 1870 1026 1938 esuriens
1044 1882 1076 1938 st
1090 1866 1251 1939 deficiens
1261 1871 1301 1939 in
1313 1868 1378 1940 hac
1396 1873 1447 1939 via
1463 1872 1498 1939 in
1512 1868 1664 1941 solamen
1682 1871 1814 1941 funeris

379 2003 413 2059 et
428 1988 564 2061 laboris.
578 1989 706 2060 Datum
717 1993 752 2060 in
768 1990 891 2063 Castris
904 1990 1017 2062 Sancti
1029 1987 1220 2073 vincenna,
1235 1989 1384 2088 dyocesis
1394 1989 1574 2073 silhiensis,
1587 1995 1622 2061 in
1638 1993 1810 2086 provincia

377 2110 587 2217 Tholosansn
611 2111 671 2183 Xl⁰
688 2111 847 2183 kalendas
868 2111 1020 2185 ianuarii
1043 2116 1078 2182 in
1100 2115 1245 2183 crmtino
1268 2112 1358 2182 beati
1380 2111 1515 2182 Thome
1537 2113 1695 2207 apostoli,
1719 2136 1809 2183 anno

378 2233 520 2306 Domini
538 2242 744 2315 u⁰ccc⁰1ur⁰,
771 2234 948 2329 completis
969 2233 1013 2305 ab
1035 2234 1154 2305 ordine
1175 2233 1435 2307 Predicatorum
1456 2237 1492 2305 in
1516 2232 1640 2304 eodem
1664 2236 1809 2305 crastino

378 2352 532 2451 ejusdem
559 2355 701 2452 apostoli
729 2354 829 2427 beato
855 2356 1040 2428 Dominico
1066 2354 1269 2428 confirmato
1297 2358 1394 2427 annis
1423 2358 1594 2451 octoginta
1620 2369 1809 2436 oc10‚nec

378 2481 492 2549 minus
513 2502 578 2549 nec
595 2477 740 2574 amplius
756 2504 823 2549 una
842 2476 913 2559 die,
932 2482 1114 2574 magisterii
1136 2502 1274 2577 quoque
1288 2481 1389 2551 vestri
1406 2504 1497 2549 anno
1514 2481 1638 2574 primo.

1079 2722 1114 2794 ll

507 2884 650 2955 sinouse
667 2906 708 2954 ne
728 2884 830 2953 raiae
851 2906 979 2964 niueas,
1001 2885 1119 2953 ualraa
1138 2906 1179 2953 aa
1202 2906 1336 2954 ronnas
1356 2906 1415 2954 uas
1435 2882 1678 2954 noursrcsrns².

977 3039 1024 3110 (als
1038 3040 1098 3113 juin
1117 3040 1210 3111 1305.)

426 3207 469 3280 ln
478 3207 541 3278 Dei
553 3206 625 3278 filio
632 3206 697 3279 sibi
703 3209 878 3281 karissimo
890 3206 983 3280 fratri
997 3208 1171 3281 Bernardo
1185 3207 1368 3288 Guidonis,
1382 3211 1488 3304 priori
1496 3223 1683 3281 conventus
1695 3208 1809 3283 Sancti

378 3328 552 3401 Vineeneii
563 3328 607 3401 de
621 3330 745 3404 Castris
761 3328 903 3401 fratrum
914 3331 1041 3403 ordinis
1057 3329 1328 3412 Predicatorum‚
1343 3329 1446 3401 linter
1456 3329 1651 3427 Aymericus
1666 3328 1808 3401 fratrum

377 3451 530 3548 ejusdem
553 3451 682 3523 ordinis
702 3456 859 3549 magister
875 3453 953 3524 lieet
971 3449 1145 3550 indignus,
1169 3453 1365 3524 salutemet
1389 3467 1611 3549 augmentum
1636 3451 1809 3524 celestium

375 3578 568 3667 gratiamm.
593 3575 675 3646 Leto
699 3579 813 3646 auimo
840 3579 970 3671 suscepi
992 3575 1147 3647 libellum
1170 3590 1204 3646 et
1227 3575 1352 3647 litteras
1374 3599 1457 3670 quas
1481 3577 1633 3656 misistis,
1657 3573 1809 3645 laborem

375 3708 528 3767 vestrum
545 3710 578 3766 et
592 3694 854 3767 sollicitudinem
868 3696 1061 3792 approbans
1073 3711 1107 3767 et
1118 3695 1374 3771 commendans.
1388 3695 1456 3767 Sed
1469 3696 1524 3766 ille
1536 3700 1595 3792 qui
1612 3695 1716 3766 nichil
1730 3700 1809 3769 sinit

377 3821 518 3888 manure
534 3842 682 3891 vacuum
699 3844 718 3889 a
735 3818 891 3891 mercede
912 3818 1008 3916 quod
1028 3822 1138 3915 operis
1156 3821 1320 3890 meritorii
1335 3822 1482 3913 speciem
1505 3819 1612 3891 valeat
1633 3818 1808 3891 vendicare

376 3938 472 4010 vobis
487 3943 523 4009 in
540 3941 675 4011 excelsis
689 3941 851 4012 retribuat
868 3940 1093 4013 abundanter.
1111 3941 1147 4013 Si
1162 3955 1276 4011 autem
1291 3941 1405 4037 aliqua
1419 3939 1611 4036 spectabilia
1628 3939 1671 4010 de
1687 3943 1808 4011 nostris

377 4057 534 4130 fratribus
557 4062 661 4132 michi
683 4062 912 4161 undecunque
932 4062 1057 4135 fuerint
1078 4076 1283 4158 presentata,
1308 4061 1404 4134 vobis
1427 4061 1471 4133 ad
1492 4077 1635 4133 vestram
1657 4062 1807 4133 consola·

377 4183 508 4252 donem
530 4185 664 4278 copiam
689 4181 809 4254 faciam
832 4200 870 4255 ut
890 4201 996 4256 vestra
1020 4185 1196 4282 diligencia
1219 4185 1416 4281 postulavit,
1441 4197 1473 4253 et
1495 4209 1556 4257 vos
1573 4209 1708 4278 semper
1728 4182 1808 4252 talia

377 4326 573 4399 conponere
590 4307 660 4374 sitis
678 4306 840 4377 sollicitus
859 4322 892 4378 et
916 4322 1061 4379 attentus
1076 4311 1104 4379 si
1124 4307 1289 4379 obtulerit
1307 4333 1341 4378 sc
1359 4305 1508 4378 facultas.
1531 4305 1644 4378 Valete
1665 4319 1697 4375 et
1715 4319 1806 4376 orate

379 4450 442 4521 pro
455 4448 524 4496 me.
542 4425 669 4498 Datum
687 4425 796 4498 Jauue
811 4428 902 4501 Vllr
915 4428 1074 4500 kalendas
1086 4429 1168 4501 tulii
1187 4454 1277 4501 anno
1290 4429 1430 4502 Domini
1442 4437 1605 4501 u⁰cco⁰v⁰.

415 4632 421 4662 ¹
447 4629 508 4683 Cam
525 4627 608 4684 molto.
623 4630 673 4684 Ms.
693 4632 745 4703 ²73
761 4641 787 4686 et
804 4650 852 4686 ms.
868 4632 900 4686 de
914 4631 1055 4686 Bordesux·
1131 4650 1180 4687 ms.
1192 4628 1807 4705 latinblllddelassibl.nat..p.3;ms.d'tlgeu.

417 4725 428 4758 ²
446 4723 495 4779 Ma
515 4725 549 4778 5⁵
568 4723 601 4779 de
619 4724 760 4787 Toulouse,
777 4724 820 4781 fel.
846 4746 873 4790 ις
891 4745 940 4781 ms.
958 4728 1010 4798 ¹73
1024 4726 1057 4782 ds
1131 4725 1176 4781 fol.
1194 4747 1203 4779 ι
1217 4727 1253 4789 νθ,
1265 4725 1301 4780 oti
1315 4725 1341 4781 la
1353 4724 1428 4780 lettre
1441 4743 1458 4781 a
1471 4726 1514 4781 sss
1526 4725 1629 4780 inserta
1641 4727 1716 4801 apris
1725 4743 1807 4799 ooup.

377 4816 521 4878 Toulouse.
534 4817 577 4873 fol.
594 4821 626 4883 53
640 4838 689 4874 ms.
701 4821 755 4892 780
767 4820 801 4874 de
810 4820 955 4882 Rordmux,
967 4819 1011 4875 fol.
1028 4840 1055 4885 ις
1132 4829 1158 4877 et
1172 4819 1369 4894 probablerneat
1379 4819 1412 4875 de
1423 4819 1448 4875 la
1458 4820 1530 4876 main
1541 4820 1575 4876 da
1585 4819 1708 4876 benurd.

1575 4934 1641 5009 ts.
