4928 6382
826 545 937 633 nus
970 502 1362 633 utnuscnrrs
1703 482 1807 631 'sss

381 756 478 805 suam
492 732 657 801 insaniam
673 726 990 825 demo[n]strarunt,
1002 725 1221 822 reprobantes
1234 739 1367 796 sanctos
1380 724 1444 795 Dei
1462 748 1524 820 per
1539 740 1689 797 sanctam
1706 725 1808 796 eccle·
1849 747 2072 761 *w*-

380 855 465 923 siam
479 848 700 946 approbatos,
716 863 749 919 et
756 846 984 943 approbantes
994 860 1027 917 et
1038 849 1282 917 autenticautes
1296 849 1413 916 inanes
1424 859 1458 916 et
1470 843 1586 916 devios
1601 860 1805 940 peccatores.

380 972 448 1044 Sed
468 970 608 1044 tandem
631 984 718 1041 stare
740 996 811 1041 non
835 971 988 1066 permisit
1008 971 1129 1041 veritas
1147 968 1244 1039 falsas
1265 970 1435 1065 ymagines
1460 982 1494 1039 et
1517 970 1719 1063 scripturas:
1738 965 1808 1038 fue·

1939 848 1983 883 Ἦ
2029 864 2036 878 .

1881 938 2035 979 untuscmrs

1944 1035 1977 1071 DE

381 1109 462 1167 runt
482 1117 631 1189 namque
652 1105 730 1187 post
745 1092 875 1188 aliquos
896 1114 1003 1162 annos
1024 1089 1105 1161 inde
1127 1088 1250 1161 abolite
1273 1103 1305 1159 et
1324 1087 1447 1170 delete,
1468 1102 1501 1159 et
1526 1092 1671 1184 reparari
1698 1093 1809 1184 coegit
1866 1127 2051 1167 sensissem.

382 1218 535 1312 equitatis
549 1216 727 1285 auctoritas
745 1227 779 1283 et
795 1236 935 1283 censura
945 1225 1141 1283 sanctorum
1156 1212 1340 1309 ymagines,
1359 1235 1508 1307 quorum
1522 1213 1662 1282 nomina
1671 1213 1707 1280 in
1721 1208 1807 1281 libro

381 1340 446 1409 vite
464 1333 688 1411 indelebiliter
704 1349 783 1404 sunt
797 1336 997 1428 conscripta.

434 1458 650 1535 Contentum
677 1480 814 1553 quoque
831 1455 989 1527 Fratrum
1013 1454 1138 1551 pluries
1160 1457 1353 1526 invaserunt
1376 1468 1409 1524 et
1435 1466 1527 1525 ortos
1549 1457 1758 1527 intraverunt
1778 1471 1811 1524 et

381 1579 624 1677 spoliaverunt,
638 1591 671 1648 et
683 1577 807 1649 multas
816 1564 986 1648 molestias
993 1591 1026 1648 et
1037 1575 1185 1672 dampna
1194 1574 1365 1647 Fratribus
1378 1575 1580 1659 intulerunt,
1595 1590 1626 1647 et
1638 1580 1811 1672 vituperiis

278 1792 283 1802 ι
381 1700 580 1781 affecerunt,
607 1724 674 1797 que
692 1699 834 1801 longum
856 1713 940 1770 esset
961 1698 1017 1768 hic
1035 1722 1097 1793 per
1117 1696 1246 1793 singula
1267 1722 1436 1779 enarrare,
1459 1711 1493 1767 et
1513 1696 1592 1767 alibi
1611 1698 1716 1769 lacius
1733 1714 1812 1770 sunt

382 1837 506 1897 notata.
530 1819 596 1893 Sed
622 1820 753 1893 Fratres
780 1833 913 1916 egentes
938 1833 970 1894 et
994 1821 1169 1916 angustiati
1196 1834 1229 1889 et
1253 1819 1365 1891 afflicti
1388 1844 1467 1890 cum
1489 1820 1597 1890 multa
1621 1823 1808 1914 paciencia,

382 1970 449 2041 que
474 1947 552 2040 ipsis
579 1945 780 2014 neccessaria
807 1941 904 2015 valde
928 1940 1006 2024 luit,
1032 1943 1255 2038 equanimiter
1280 1954 1514 2037 portaverunt,
1542 1966 1604 2011 nec
1631 1944 1677 2013 eis
1705 1941 1812 2014 defuit

381 2071 441 2162 qui
464 2065 578 2137 deesse
601 2090 672 2135 non
696 2078 808 2160 potest
821 2064 913 2136 Deus
927 2061 1064 2160 adjutor
1082 2066 1118 2133 in
1140 2062 1438 2158 oportunitatibus,
1455 2066 1490 2132 in
1509 2062 1731 2134 tribulacione
1746 2090 1812 2160 quc

381 2191 574 2283 supervenit
594 2189 641 2256 eis
655 2189 767 2256 nimis.

434 2310 586 2381 Fuerunt
611 2322 726 2378 autem
758 2310 845 2377 inter
878 2323 1008 2378 actores
1031 2306 1202 2379 malorum
1231 2310 1420 2378 incentores
1451 2321 1484 2377 et
1515 2322 1750 2403 cooperatores
1780 2323 1813 2378 et

383 2431 551 2526 conplices
576 2428 809 2526 predictorum
838 2432 990 2525 precipui
1018 2444 1050 2500 et
1074 2432 1221 2525 majores
1247 2432 1282 2498 in
1308 2428 1447 2524 publico
1471 2427 1638 2499 Arnaldus
1663 2428 1809 2506 Gerssie‚

381 2550 554 2623 lohannes
568 2549 750 2627 Donadieu
763 2553 992 2646 jurisperitus,
1014 2549 1236 2648 Raymundus
1251 2549 1409 2622 Bauderii
1421 2553 1550 2647 junior,
1574 2553 1661 2621 cives
1678 2549 1812 2621 Albien-

381 2698 449 2754 ses,
463 2671 654 2745 Galbardus
668 2671 828 2767 Stephani
842 2670 886 2743 de
903 2670 1042 2745 Cordus
1051 2674 1267 2767 jurisper-itus
1285 2686 1318 2742 et
1332 2670 1437 2768 judex
1454 2685 1537 2742 tunc
1549 2670 1662 2753 Albie,
1677 2670 1813 2743 Guillel-

380 2820 459 2866 mus
474 2795 518 2866 de
538 2793 727 2867 Pesinchis¹
746 2793 917 2865 habitator
935 2792 979 2867 ds
997 2793 1114 2865 Monte
1132 2792 1335 2876 Guiscardo,
1353 2796 1496 2865 vicarius
1514 2792 1626 2875 Albie,
1648 2807 1681 2864 et
1696 2792 1813 2864 Petrus

383 2915 544 3013 Nicltolay
561 2913 786 2987 subvicarius:
807 2914 1073 2997 istitresultimi‚
1091 2919 1148 3011 qui
1165 2940 1380 3011 compescere
1398 2928 1556 3011 poterant
1573 2929 1607 2985 et
1623 2913 1810 2995 debebant,

384 3037 528 3133 amplius
541 3036 780 3117 incendebant,
796 3051 830 3108 et
844 3040 903 3133 qui
918 3062 957 3107 ex
971 3035 1183 3111 incumbenti
1199 3036 1314 3107 officio
1327 3035 1465 3132 publico
1483 3035 1684 3107 tenebantur
1699 3034 1813 3107 defen·

384 3157 465 3232 dere
483 3173 516 3229 et
536 3162 623 3229 tueri
643 3162 872 3256 inquisicionis
894 3157 1062 3238 officium,
1087 3161 1219 3253 gravius
1241 3156 1483 3254 inpugnabant.
1509 3158 1626 3228 Petrus
1649 3157 1751 3230 Probi
1770 3157 1812 3229 de

384 3282 522 3362 Castris,
543 3283 757 3376 jurisperitus
779 3278 974 3363 advocatus,
998 3305 1062 3375 pro
1090 3279 1217 3352 eisdem
1245 3279 1375 3377 ubique
1399 3294 1517 3351 contra
1539 3282 1753 3376 inquisitores
1780 3292 1813 3348 et

385 3408 582 3498 episcopum
594 3406 743 3497 seipsum
753 3401 878 3475 exibuit
890 3401 1123 3484 defensorem,
1138 3426 1209 3473 non
1220 3405 1344 3474 veritus
1359 3405 1495 3472 mentiri
1510 3414 1626 3472 contra
1636 3404 1812 3473 veritatem

385 3540 418 3596 et
430 3527 602 3620 justiciam
619 3522 835 3620 inpudenter.
857 3525 972 3596 Frater
989 3522 1178 3596 bernardus
1195 3523 1371 3606 Deliciosi,
1391 3523 1433 3596 de
1450 3523 1568 3595 Monte
1587 3522 1809 3604 pessulan02,

384 3646 427 3717 de
443 3645 564 3718 ordine
578 3646 735 3717 Fratrum
749 3647 939 3728 Minorum,
956 3645 1191 3742 stipendiarius
1215 3645 1531 3717 carcassonensium
1551 3661 1584 3716 et
1600 3644 1811 3716 Albiensium

384 3783 418 3838 et
433 3768 684 3841 Corduensium
707 3772 741 3838 in
761 3768 824 3838 bae
842 3793 956 3849 causa,
976 3793 1040 3863 pro
1059 3766 1189 3839 eisdem
1210 3766 1349 3864 publice
1373 3782 1406 3838 et
1422 3770 1581 3862 privatim
1601 3792 1636 3838 se
1656 3771 1812 3863 opposuit

384 3889 637 3993 inquisitoribus
660 3905 693 3959 et
715 3893 874 3991 episcopo
894 3889 1042 3961 Albiensi
1065 3915 1104 3961 ac
1126 3887 1339 3987 processibus
1362 3888 1578 3971 eorumdem,
1600 3888 1728 3985 ubique
1751 3888 1813 3958 dis·

385 4035 523 4082 currens
541 4038 601 4107 per
617 4015 760 4107 patriam
778 4015 857 4082 etin
878 4011 1071 4091 Franciam,
1090 4036 1295 4111 persequens
1314 4013 1528 4107 inquisitores
1547 4025 1579 4081 et
1598 4014 1809 4106 episcopum,

386 4146 418 4201 et
435 4137 606 4203 concitans
624 4133 768 4228 populos
785 4137 819 4203 in
836 4133 980 4230 publicis
1001 4132 1295 4230 predicacionibus
1313 4147 1431 4204 contra
1450 4158 1523 4214 eos,
1545 4131 1812 4227 condempnatos

385 4276 447 4348 pro
462 4252 569 4324 heresi
585 4252 787 4336 defendens,
804 4280 928 4352 eosque
945 4280 1093 4327 asserens
1108 4255 1291 4327 catholicos
1305 4268 1337 4325 et
1353 4253 1503 4326 devotos.
1518 4253 1548 4324 Τ
1550 4280 1631 4326 aceo
1646 4252 1689 4324 de
1704 4256 1812 4325 nomi-

385 4371 484 4447 nibus
501 4373 650 4469 plurium
668 4373 812 4445 aliorum
827 4376 997 4471 religionis
1016 4376 1186 4474 ejusdem,
1204 4391 1342 4473 propter
1361 4375 1529 4471 religionis
1548 4375 1733 4457 honorem,
1753 4377 1812 4471 qui

301 4544 314 4562 .
385 4499 419 4569 in
434 4494 589 4591 plurimis
603 4510 794 4566 nocuerunt
809 4511 842 4567 et
854 4496 941 4567 male
954 4522 988 4568 se
1000 4497 1194 4571 habueruut
1209 4513 1243 4569 et
1258 4498 1374 4593 plures
1390 4521 1549 4593 personas
1567 4511 1683 4568 contra
1699 4497 1811 4592 inqui·

385 4619 519 4688 sicionis
532 4616 684 4688 officium
702 4620 914 4688 concitarunt
930 4634 964 4690 et
980 4618 1084 4695 corda
1101 4623 1261 4716 gencium
1277 4621 1570 4692 commoverunt³.

422 4796 430 4827 ¹
449 4791 586 4855 Perrasiis,
599 4811 648 4853 ms.
660 4792 694 4847 de
709 4793 847 4849 Bordesur.
863 4826 901 4836 —
915 4797 925 4829 ²
939 4795 1008 4849 Pess.
1021 4813 1069 4849 ms.
1083 4794 1116 4850 de
1130 4795 1275 4860 bor-desum
1292 4794 1355 4849 Pas.
1367 4814 1416 4849 ms.
1429 4794 1462 4849 de
1477 4795 1613 4851 Toulouse.
1626 4826 1665 4835 -
1677 4798 1687 4828 ³
1707 4794 1810 4849 Submo-

385 4899 481 4949 oerrmt,
491 4906 542 4941 rns.
554 4887 585 4942 de
597 4887 740 4943 Bordeaux.
