4928 6382
397 730 449 738 ιι...
460 727 623 737 ......-.-

489 827 533 862 Lus

435 919 590 955 sttauscttlrs

493 1013 525 1047 nrt

419 1105 535 1141 aaudiat)
548 1105 602 1143 601.

662 529 749 613 tro
1244 520 1503 611 NOTICES

1310 812 1438 885 XVIII

688 997 841 1045 EI'IRAI'IS
857 996 897 1041 DII
913 996 949 1042 LA
970 994 1128 1049 partious
1149 994 1188 1042 os
1205 994 1425 1049 L’rrtQutsrrroa
1443 993 1592 1041 autarius
1611 970 1684 1038 hLA
1702 991 1797 1038 SECTE
1815 991 1873 1038 nes
1891 970 2023 1040 aluums
2034 974 2057 1039 ¹.

713 1172 945 1266 Bequinorum
964 1182 1067 1247 secta,
1085 1170 1144 1262 qui
1163 1167 1281 1237 fratres
1300 1191 1464 1261 pauperes
1481 1192 1515 1237 se
1534 1165 1719 1260 appellant,
1737 1179 1769 1234 et
1784 1163 1902 1234 dicunt
1918 1190 1953 1234 se
1970 1179 2085 1236 tenere

660 1288 855 1387 etproliteri
865 1292 1004 1360 terciam
1018 1288 1170 1382 regulam
1184 1291 1288 1358 sancti
1301 1289 1328 1356 F
1330 1290 1484 1366 rancisci‚
1499 1287 1673 1356 modernis
1681 1285 1897 1381 temporibus
1907 1292 2086 1357 exsurrexit

660 1420 694 1485 in
716 1416 889 1510 provincia
911 1412 1086 1482 Provincie
1111 1424 1144 1503 et
1165 1413 1200 1479 in
1225 1412 1399 1504 provincia
1421 1408 1630 1479 Narbonensi
1654 1424 1685 1477 et
1710 1413 1745 1477 in
1771 1407 1976 1503 quibusdam
2003 1409 2086 1478 Iocis

659 1538 830 1633 provincie
848 1533 1060 1611 Tholosane,
1085 1556 1152 1626 que
1175 1531 1217 1600 ab
1236 1534 1374 1625 antiquo
1390 1529 1575 1599 includitur
1593 1528 1656 1598 suh
1675 1532 1846 1623 provincia
1864 1527 2083 1599 Narbonensi.

660 1657 835 1752 Ceperunt
859 1669 974 1725 autem
1001 1650 1205 1722 manifestari
1234 1666 1266 1720 et
1295 1650 1405 1746 detegi
1430 1655 1463 1720 in
1491 1655 1558 1720 suis
1583 1650 1799 1744 opinionibus
1826 1654 1974 1721 erroneis
1998 1654 2085 1721 circa

659 1804 789 1849 annum
825 1777 964 1847 Domini
993 1799 1017 1845 u
1033 1798 1090 1845 ccc
1108 1774 1176 1853 xv(
1193 1772 1294 1866 paulo
1326 1772 1401 1866 plus
1433 1775 1600 1851 minusve,
1634 1775 1786 1867 quamvis
1816 1775 1910 1866 prius
1941 1774 2084 1865 suspecti

659 1901 889 1970 communiter
923 1922 941 1965 a
972 1894 1127 1990 pluribus
1159 1893 1374 1973 haberentur,
1408 1892 1612 1987 fueruntque
1643 1892 1865 1988 postmodum
1896 1894 2085 1962 successivis

661 2022 756 2089 annis
776 2022 811 2088 in
828 2020 1002 2113 provincia
1017 2015 1226 2088 Narbonensi
1246 2028 1279 2084 et
1295 2014 1484 2084 Tholosana
1505 2028 1538 2083 et
1553 2010 1588 2083 in
1603 2013 1799 2085 Cathalonia
1815 2013 1928 2108 plures
1946 2018 2033 2108 capti
2053 2027 2085 2081 et

660 2138 786 2209 detenti
803 2153 835 2208 et
853 2137 1053 2232 deprehensi
1072 2140 1107 2206 in
1126 2134 1313 2217 erroribus,
1334 2150 1367 2206 et
1383 2135 1497 2230 plures
1511 2138 1687 2230 utriusque
1705 2160 1800 2204 sexus
1817 2137 1944 2205 inventi
1959 2147 2035 2203 sunt
2053 2147 2086 2202 et

654 2242 797 2355 judicati
824 2259 963 2329 heretici
981 2272 1013 2327 et
1030 2256 1198 2328 combusti
1223 2256 1266 2325 ab
1288 2282 1378 2326 anno
1399 2256 1540 2327 Domini
1559 2282 1582 2326 n
1594 2281 1650 2326 ccc
1662 2282 1725 2328 xvir
1745 2259 1827 2325 citra
1841 2258 1985 2325 maxime
2002 2253 2084 2326 Nar·

659 2380 770 2468 bone,
795 2381 947 2452 Bitterris
968 2395 1001 2450 et
1024 2382 1058 2449 in
1079 2378 1213 2477 dyocesi
1235 2378 1415 2472 Agathensi
1440 2381 1529 2449 etin
1553 2376 1690 2449 hodova
1714 2391 1747 2468 et
1770 2376 1862 2472 apud
1884 2376 2083 2457 Luuellum,

660 2503 904 2598 Magalonensis
923 2500 1089 2596 dyocesis,
1109 2503 1193 2569 etin
1212 2498 1432 2579 Carcassona,
1453 2513 1486 2569 et
1502 2499 1650 2569 Tholose
1667 2513 1733 2568 tres
1749 2499 1943 2595 alienigene.

712 2625 855 2719 Bequini
873 2627 974 2717 igitur
989 2626 1164 2716 utriusque
1180 2646 1275 2691 sexus
1293 2620 1449 2691 moderni
1468 2625 1630 2715 temporis
1648 2622 1694 2690 sic
1712 2620 1893 2714 vulgariter
1911 2620 2083 2715 appellati,

660 2750 719 2841 qui
739 2770 773 2814 se
791 2744 909 2814 dicunt
924 2742 1041 2812 fratres
1062 2768 1227 2837 pauperes
1250 2742 1292 2811 de
1314 2745 1503 2838 penitencia
1524 2740 1567 2811 de
1588 2746 1692 2812 tercio
1717 2742 1834 2811 ordine
1854 2745 1957 2811 sancti
1983 2742 2086 2811 Fran·

658 2870 758 2945 cisci,
781 2879 953 2960 portantes
973 2864 1124 2933 brunum
1147 2890 1208 2933 seu
1233 2861 1274 2932 de
1298 2862 1430 2933 burello
1456 2862 1612 2933 habitum
1640 2889 1720 2932 cum
1744 2862 1903 2932 mantello
1926 2877 1958 2931 et
1981 2863 2082 2958 aliqui

660 2991 732 3056 sine
746 2985 926 3065 mantello,
950 2983 1126 3055 manifeste
1150 2984 1349 3079 deprehensi
1372 2999 1450 3054 sunt
1473 3000 1505 3054 et
1524 2983 1667 3054 confessi
1685 2989 1719 3053 in
1738 2984 1868 3082 judicio
1890 2988 1925 3052 in
1948 2983 2086 3054 diversis

661 3108 742 3176 locis
758 3110 792 3175 in
813 3108 986 3200 provincia
1007 3104 1218 3176 Narbonensi
1243 3119 1276 3174 et
1298 3110 1332 3175 in
1356 3105 1525 3201 aliquibus
1546 3107 1627 3176 Iocis
1644 3109 1816 3199 provincie
1834 3103 1864 3174 T
1865 3104 2024 3175 holosane
2042 3104 2084 3173 ab

660 3254 750 3296 anno
773 3227 913 3297 Domini
938 3251 1125 3305 ucccxvrr,
1152 3251 1190 3295 ac
1214 3225 1372 3321 deinceps
1397 3231 1596 3307 successive,
1624 3226 1748 3296 habere
1773 3240 1805 3295 et
1833 3241 1947 3296 tenere
1973 3226 2086 3321 plures

630 3374 635 3383 ’
661 3374 789 3418 errores
808 3375 848 3417 ae
867 3352 1045 3442 opiniones
1063 3372 1235 3426 erroneas,
1259 3347 1451 3417 extollentes
1471 3374 1506 3417 se
1525 3348 1683 3417 adversus
1700 3348 1890 3418 Romanam
1912 3347 2084 3417 ecelesiam

661 3485 694 3539 et
711 3469 930 3564 apostolicam
947 3469 1063 3539 sedem
1080 3494 1117 3537 ac
1133 3482 1250 3537 contra
1267 3472 1452 3562 primatum
1469 3468 1556 3540 sedis
1573 3468 1725 3564 ejusdem
1746 3483 1777 3537 et
1795 3483 1912 3539 contra
1930 3469 2086 3563 apostoli-

661 3617 736 3660 cam
753 3603 954 3684 potestatem
973 3589 1104 3658 domini
1119 3614 1206 3683 pape
1223 3615 1262 3659 ac
1277 3590 1486 3683 prelatorum
1505 3591 1642 3661 ecclesie
1658 3590 1828 3660 Romane.
1848 3643 1855 3658 .
1875 3643 1882 3660 .

722 3766 781 3783 ...
807 3711 946 3780 Errores
968 3726 1097 3781 suaset
1119 3715 1295 3805 opiniones
1317 3712 1419 3808 hujus
1443 3712 1537 3782 modi
1563 3711 1734 3806 pestiferas
1755 3716 1817 3807 ipsi
1840 3711 2030 3781 habuerunt
2053 3724 2085 3779 et

661 3832 871 3927 collegerunt
883 3835 1007 3926 partim
1021 3831 1161 3927 quidem
1174 3859 1212 3901 ex
1226 3832 1320 3902 libris
1332 3859 1392 3903 seu
1406 3834 1577 3928 opusculis
1590 3832 1697 3903 fratris
1710 3834 1798 3904 Petri
1812 3833 1977 3903 Iohannis
1991 3832 2082 3909 olim.

660 3957 719 4048 qui
740 3952 804 4023 luit
820 3952 984 4023 oriundus
1006 3953 1048 4022 de
1065 3954 1253 4024 Serinhano
1273 3979 1380 4048 prope
1405 3956 1589 4035 Iliberrim,
1611 3954 1765 4026 videlicet
1787 3982 1826 4025 ex
1848 3954 1978 4048 postilla
1999 3955 2086 4048 ejus·

661 4072 742 4145 dem
764 4099 866 4168 super
880 4073 1113 4171 apocalipsim
1134 4100 1238 4169 quam
1261 4073 1387 4144 habent
1410 4089 1478 4145 tam
1505 4079 1539 4144 in
1562 4075 1666 4145 latino
1687 4102 1789 4172 quam
1812 4079 1913 4146 etiam
1935 4090 2086 4168 transpo

661 4198 759 4263 sitam
777 4197 812 4264 in
828 4194 974 4290 vulgari,
997 4199 1080 4265 item
1102 4221 1140 4263 ex
1162 4195 1328 4290 aliquibus
1349 4195 1544 4265 tractatibus
1566 4222 1654 4291 quos
1677 4200 1787 4291 ipsum
1812 4195 1927 4266 fecisse
1946 4195 2085 4291 bequini

661 4316 779 4389 dicunt
795 4331 828 4386 et
846 4316 1003 4397 credunt,
1023 4343 1133 4386 unum
1149 4317 1304 4387 videlicet
1321 4317 1363 4387 de
1378 4332 1572 4412 paupertate
1591 4332 1623 4387 et
1640 4319 1744 4388 alium
1763 4318 1805 4389 de
1823 4317 2038 4388 mendicitate
2054 4330 2086 4386 et

661 4438 846 4534 quemdam
867 4438 972 4507 alium
992 4437 1035 4508 de
1059 4438 1381 4532 dispensationibus,
1406 4453 1439 4509 et
1461 4464 1499 4509 ex
1518 4438 1722 4534 quibusdam
1745 4443 1845 4510 etiam
1867 4440 1937 4509 aliis
1959 4442 2087 4533 scripti-

661 4564 753 4638 tatis,
773 4560 920 4655 quesibi
938 4558 1142 4640 attribuunt,
1163 4574 1195 4630 et
1218 4587 1284 4657 que
1305 4565 1420 4631 omnia
1436 4560 1563 4631 habent
1579 4566 1614 4631 in
1631 4561 1761 4657 vulgari
1777 4564 1976 4657 transposita
1994 4574 2026 4629 et
2048 4586 2087 4630 ea

661 4683 777 4777 legunt
794 4697 828 4752 et
842 4686 888 4752 eis
906 4681 1049 4753 credunt
1064 4698 1096 4752 et
1113 4682 1293 4754 intendunt
1310 4697 1472 4777 tanquam
1490 4687 1661 4778 scripturis
1680 4687 1871 4757 autenticis.
1890 4736 1896 4753 .
1915 4738 1922 4753 .

700 4849 708 4880 ¹
727 4846 776 4900 Ms.
789 4848 823 4921 98
837 4847 869 4901 de
879 4848 1024 4907 Toulouse,
1038 4847 1082 4902 sol.
1097 4850 1229 4914 ila-1533
1242 4868 1290 4903 ms.
1307 4851 1357 4920 196
1368 4849 1400 4903 de
1411 4849 1555 4909 Toulouse.
1568 4848 1611 4902 sol.
1624 4850 1705 4920 78-84
1715 4852 1746 4901 ν’.
